%YAML 1.1
%TAG !u! tag:unity3d.com,2011:
--- !u!29 &1
OcclusionCullingSettings:
  m_ObjectHideFlags: 0
  serializedVersion: 2
  m_OcclusionBakeSettings:
    smallestOccluder: 5
    smallestHole: 0.25
    backfaceThreshold: 100
  m_SceneGUID: 00000000000000000000000000000000
  m_OcclusionCullingData: {fileID: 0}
--- !u!104 &2
RenderSettings:
  m_ObjectHideFlags: 0
  serializedVersion: 9
  m_Fog: 0
  m_FogColor: {r: 0.5, g: 0.5, b: 0.5, a: 1}
  m_FogMode: 3
  m_FogDensity: 0.01
  m_LinearFogStart: 0
  m_LinearFogEnd: 300
  m_AmbientSkyColor: {r: 0.212, g: 0.227, b: 0.259, a: 1}
  m_AmbientEquatorColor: {r: 0.114, g: 0.125, b: 0.133, a: 1}
  m_AmbientGroundColor: {r: 0.047, g: 0.043, b: 0.035, a: 1}
  m_AmbientIntensity: 1
  m_AmbientMode: 3
  m_SubtractiveShadowColor: {r: 0.42, g: 0.478, b: 0.627, a: 1}
  m_SkyboxMaterial: {fileID: 0}
  m_HaloStrength: 0.5
  m_FlareStrength: 1
  m_FlareFadeSpeed: 3
  m_HaloTexture: {fileID: 0}
  m_SpotCookie: {fileID: 10001, guid: 0000000000000000e000000000000000, type: 0}
  m_DefaultReflectionMode: 0
  m_DefaultReflectionResolution: 128
  m_ReflectionBounces: 1
  m_ReflectionIntensity: 1
  m_CustomReflection: {fileID: 0}
  m_Sun: {fileID: 0}
  m_IndirectSpecularColor: {r: 0, g: 0, b: 0, a: 1}
  m_UseRadianceAmbientProbe: 0
--- !u!157 &3
LightmapSettings:
  m_ObjectHideFlags: 0
  serializedVersion: 11
  m_GIWorkflowMode: 1
  m_GISettings:
    serializedVersion: 2
    m_BounceScale: 1
    m_IndirectOutputScale: 1
    m_AlbedoBoost: 1
    m_EnvironmentLightingMode: 0
    m_EnableBakedLightmaps: 0
    m_EnableRealtimeLightmaps: 0
  m_LightmapEditorSettings:
    serializedVersion: 12
    m_Resolution: 2
    m_BakeResolution: 40
    m_AtlasSize: 1024
    m_AO: 0
    m_AOMaxDistance: 1
    m_CompAOExponent: 1
    m_CompAOExponentDirect: 0
    m_ExtractAmbientOcclusion: 0
    m_Padding: 2
    m_LightmapParameters: {fileID: 0}
    m_LightmapsBakeMode: 1
    m_TextureCompression: 1
    m_FinalGather: 0
    m_FinalGatherFiltering: 1
    m_FinalGatherRayCount: 256
    m_ReflectionCompression: 2
    m_MixedBakeMode: 2
    m_BakeBackend: 1
    m_PVRSampling: 1
    m_PVRDirectSampleCount: 32
    m_PVRSampleCount: 512
    m_PVRBounces: 2
    m_PVREnvironmentSampleCount: 256
    m_PVREnvironmentReferencePointCount: 2048
    m_PVRFilteringMode: 1
    m_PVRDenoiserTypeDirect: 1
    m_PVRDenoiserTypeIndirect: 1
    m_PVRDenoiserTypeAO: 1
    m_PVRFilterTypeDirect: 0
    m_PVRFilterTypeIndirect: 0
    m_PVRFilterTypeAO: 0
    m_PVREnvironmentMIS: 1
    m_PVRCulling: 1
    m_PVRFilteringGaussRadiusDirect: 1
    m_PVRFilteringGaussRadiusIndirect: 5
    m_PVRFilteringGaussRadiusAO: 2
    m_PVRFilteringAtrousPositionSigmaDirect: 0.5
    m_PVRFilteringAtrousPositionSigmaIndirect: 2
    m_PVRFilteringAtrousPositionSigmaAO: 1
    m_ExportTrainingData: 0
    m_TrainingDataDestination: TrainingData
    m_LightProbeSampleCountMultiplier: 4
  m_LightingDataAsset: {fileID: 0}
  m_UseShadowmask: 1
--- !u!196 &4
NavMeshSettings:
  serializedVersion: 2
  m_ObjectHideFlags: 0
  m_BuildSettings:
    serializedVersion: 2
    agentTypeID: 0
    agentRadius: 0.5
    agentHeight: 2
    agentSlope: 45
    agentClimb: 0.4
    ledgeDropHeight: 0
    maxJumpAcrossDistance: 0
    minRegionArea: 2
    manualCellSize: 0
    cellSize: 0.16666667
    manualTileSize: 0
    tileSize: 256
    accuratePlacement: 0
    debug:
      m_Flags: 0
  m_NavMeshData: {fileID: 0}
--- !u!4 &23977504 stripped
Transform:
  m_CorrespondingSourceObject: {fileID: 9052893360722158068, guid: df58e00d81487f645b73175a9a076905,
    type: 3}
  m_PrefabInstance: {fileID: 1584454980}
  m_PrefabAsset: {fileID: 0}
--- !u!4 &183792195 stripped
Transform:
  m_CorrespondingSourceObject: {fileID: 9052893360722158068, guid: df58e00d81487f645b73175a9a076905,
    type: 3}
  m_PrefabInstance: {fileID: 255553559}
  m_PrefabAsset: {fileID: 0}
--- !u!114 &245407810 stripped
MonoBehaviour:
  m_CorrespondingSourceObject: {fileID: 2485900462150647373, guid: f03b67c59c325224790169e598af441a,
    type: 3}
  m_PrefabInstance: {fileID: 2485900462123343375}
  m_PrefabAsset: {fileID: 0}
  m_GameObject: {fileID: 0}
  m_Enabled: 1
  m_EditorHideFlags: 0
  m_Script: {fileID: 11500000, guid: be44ac724055b9846a6244003d301a20, type: 3}
  m_Name: 
  m_EditorClassIdentifier: 
--- !u!1001 &255553559
PrefabInstance:
  m_ObjectHideFlags: 0
  serializedVersion: 2
  m_Modification:
    m_TransformParent: {fileID: 2017209006}
    m_Modifications:
    - target: {fileID: 9052893360722158068, guid: df58e00d81487f645b73175a9a076905,
        type: 3}
      propertyPath: m_RootOrder
      value: 2
      objectReference: {fileID: 0}
    - target: {fileID: 9052893360722158068, guid: df58e00d81487f645b73175a9a076905,
        type: 3}
      propertyPath: m_LocalPosition.x
      value: -114.38525
      objectReference: {fileID: 0}
    - target: {fileID: 9052893360722158068, guid: df58e00d81487f645b73175a9a076905,
        type: 3}
      propertyPath: m_LocalPosition.y
      value: -530.39215
      objectReference: {fileID: 0}
    - target: {fileID: 9052893360722158068, guid: df58e00d81487f645b73175a9a076905,
        type: 3}
      propertyPath: m_LocalPosition.z
      value: 36.689358
      objectReference: {fileID: 0}
    - target: {fileID: 9052893360722158068, guid: df58e00d81487f645b73175a9a076905,
        type: 3}
      propertyPath: m_LocalRotation.w
      value: 1
      objectReference: {fileID: 0}
    - target: {fileID: 9052893360722158068, guid: df58e00d81487f645b73175a9a076905,
        type: 3}
      propertyPath: m_LocalRotation.x
      value: -0
      objectReference: {fileID: 0}
    - target: {fileID: 9052893360722158068, guid: df58e00d81487f645b73175a9a076905,
        type: 3}
      propertyPath: m_LocalRotation.y
      value: -0
      objectReference: {fileID: 0}
    - target: {fileID: 9052893360722158068, guid: df58e00d81487f645b73175a9a076905,
        type: 3}
      propertyPath: m_LocalRotation.z
      value: -0
      objectReference: {fileID: 0}
    - target: {fileID: 9052893360722158068, guid: df58e00d81487f645b73175a9a076905,
        type: 3}
      propertyPath: m_LocalEulerAnglesHint.x
      value: 0
      objectReference: {fileID: 0}
    - target: {fileID: 9052893360722158068, guid: df58e00d81487f645b73175a9a076905,
        type: 3}
      propertyPath: m_LocalEulerAnglesHint.y
      value: 0
      objectReference: {fileID: 0}
    - target: {fileID: 9052893360722158068, guid: df58e00d81487f645b73175a9a076905,
        type: 3}
      propertyPath: m_LocalEulerAnglesHint.z
      value: 0
      objectReference: {fileID: 0}
    - target: {fileID: 9052893360722158073, guid: df58e00d81487f645b73175a9a076905,
        type: 3}
      propertyPath: m_Name
      value: SpiderCheck (2)
      objectReference: {fileID: 0}
    m_RemovedComponents: []
  m_SourcePrefab: {fileID: 100100000, guid: df58e00d81487f645b73175a9a076905, type: 3}
--- !u!1001 &283148505
PrefabInstance:
  m_ObjectHideFlags: 0
  serializedVersion: 2
  m_Modification:
    m_TransformParent: {fileID: 930191635}
    m_Modifications:
    - target: {fileID: 6906101812581518260, guid: 2ba8b4649b2281d47905b4417210570d,
        type: 3}
      propertyPath: m_RootOrder
      value: 1
      objectReference: {fileID: 0}
    - target: {fileID: 6906101812581518260, guid: 2ba8b4649b2281d47905b4417210570d,
        type: 3}
      propertyPath: m_LocalScale.x
      value: 1
      objectReference: {fileID: 0}
    - target: {fileID: 6906101812581518260, guid: 2ba8b4649b2281d47905b4417210570d,
        type: 3}
      propertyPath: m_LocalScale.y
      value: 1
      objectReference: {fileID: 0}
    - target: {fileID: 6906101812581518260, guid: 2ba8b4649b2281d47905b4417210570d,
        type: 3}
      propertyPath: m_LocalScale.z
      value: 1
      objectReference: {fileID: 0}
    - target: {fileID: 6906101812581518260, guid: 2ba8b4649b2281d47905b4417210570d,
        type: 3}
      propertyPath: m_LocalPosition.x
      value: -149.462
      objectReference: {fileID: 0}
    - target: {fileID: 6906101812581518260, guid: 2ba8b4649b2281d47905b4417210570d,
        type: 3}
      propertyPath: m_LocalPosition.y
      value: -537.12463
      objectReference: {fileID: 0}
    - target: {fileID: 6906101812581518260, guid: 2ba8b4649b2281d47905b4417210570d,
        type: 3}
      propertyPath: m_LocalPosition.z
      value: 0
      objectReference: {fileID: 0}
    - target: {fileID: 6906101812581518260, guid: 2ba8b4649b2281d47905b4417210570d,
        type: 3}
      propertyPath: m_LocalRotation.w
      value: 1
      objectReference: {fileID: 0}
    - target: {fileID: 6906101812581518260, guid: 2ba8b4649b2281d47905b4417210570d,
        type: 3}
      propertyPath: m_LocalRotation.x
      value: -0
      objectReference: {fileID: 0}
    - target: {fileID: 6906101812581518260, guid: 2ba8b4649b2281d47905b4417210570d,
        type: 3}
      propertyPath: m_LocalRotation.y
      value: -0
      objectReference: {fileID: 0}
    - target: {fileID: 6906101812581518260, guid: 2ba8b4649b2281d47905b4417210570d,
        type: 3}
      propertyPath: m_LocalRotation.z
      value: -0
      objectReference: {fileID: 0}
    - target: {fileID: 6906101812581518260, guid: 2ba8b4649b2281d47905b4417210570d,
        type: 3}
      propertyPath: m_LocalEulerAnglesHint.x
      value: 0
      objectReference: {fileID: 0}
    - target: {fileID: 6906101812581518260, guid: 2ba8b4649b2281d47905b4417210570d,
        type: 3}
      propertyPath: m_LocalEulerAnglesHint.y
      value: 0
      objectReference: {fileID: 0}
    - target: {fileID: 6906101812581518260, guid: 2ba8b4649b2281d47905b4417210570d,
        type: 3}
      propertyPath: m_LocalEulerAnglesHint.z
      value: 0
      objectReference: {fileID: 0}
    - target: {fileID: 6906101812581518262, guid: 2ba8b4649b2281d47905b4417210570d,
        type: 3}
      propertyPath: m_Name
      value: Gold (2)
      objectReference: {fileID: 0}
    m_RemovedComponents: []
  m_SourcePrefab: {fileID: 100100000, guid: 2ba8b4649b2281d47905b4417210570d, type: 3}
--- !u!1 &318451966
GameObject:
  m_ObjectHideFlags: 0
  m_CorrespondingSourceObject: {fileID: 0}
  m_PrefabInstance: {fileID: 0}
  m_PrefabAsset: {fileID: 0}
  serializedVersion: 6
  m_Component:
  - component: {fileID: 318451970}
  - component: {fileID: 318451969}
  - component: {fileID: 318451968}
  - component: {fileID: 318451967}
  m_Layer: 5
  m_Name: Canvas
  m_TagString: Untagged
  m_Icon: {fileID: 0}
  m_NavMeshLayer: 0
  m_StaticEditorFlags: 0
  m_IsActive: 1
--- !u!114 &318451967
MonoBehaviour:
  m_ObjectHideFlags: 0
  m_CorrespondingSourceObject: {fileID: 0}
  m_PrefabInstance: {fileID: 0}
  m_PrefabAsset: {fileID: 0}
  m_GameObject: {fileID: 318451966}
  m_Enabled: 1
  m_EditorHideFlags: 0
  m_Script: {fileID: 11500000, guid: dc42784cf147c0c48a680349fa168899, type: 3}
  m_Name: 
  m_EditorClassIdentifier: 
  m_IgnoreReversedGraphics: 1
  m_BlockingObjects: 0
  m_BlockingMask:
    serializedVersion: 2
    m_Bits: 4294967295
--- !u!114 &318451968
MonoBehaviour:
  m_ObjectHideFlags: 0
  m_CorrespondingSourceObject: {fileID: 0}
  m_PrefabInstance: {fileID: 0}
  m_PrefabAsset: {fileID: 0}
  m_GameObject: {fileID: 318451966}
  m_Enabled: 1
  m_EditorHideFlags: 0
  m_Script: {fileID: 11500000, guid: 0cd44c1031e13a943bb63640046fad76, type: 3}
  m_Name: 
  m_EditorClassIdentifier: 
  m_UiScaleMode: 1
  m_ReferencePixelsPerUnit: 100
  m_ScaleFactor: 1
  m_ReferenceResolution: {x: 800, y: 600}
  m_ScreenMatchMode: 0
  m_MatchWidthOrHeight: 0
  m_PhysicalUnit: 3
  m_FallbackScreenDPI: 96
  m_DefaultSpriteDPI: 96
  m_DynamicPixelsPerUnit: 1
--- !u!223 &318451969
Canvas:
  m_ObjectHideFlags: 0
  m_CorrespondingSourceObject: {fileID: 0}
  m_PrefabInstance: {fileID: 0}
  m_PrefabAsset: {fileID: 0}
  m_GameObject: {fileID: 318451966}
  m_Enabled: 1
  serializedVersion: 3
  m_RenderMode: 0
  m_Camera: {fileID: 0}
  m_PlaneDistance: 100
  m_PixelPerfect: 0
  m_ReceivesEvents: 1
  m_OverrideSorting: 0
  m_OverridePixelPerfect: 0
  m_SortingBucketNormalizedSize: 0
  m_AdditionalShaderChannelsFlag: 25
  m_SortingLayerID: 0
  m_SortingOrder: 0
  m_TargetDisplay: 0
--- !u!224 &318451970
RectTransform:
  m_ObjectHideFlags: 0
  m_CorrespondingSourceObject: {fileID: 0}
  m_PrefabInstance: {fileID: 0}
  m_PrefabAsset: {fileID: 0}
  m_GameObject: {fileID: 318451966}
  m_LocalRotation: {x: 0, y: 0, z: 0, w: 1}
  m_LocalPosition: {x: 0, y: 0, z: 0}
  m_LocalScale: {x: 0, y: 0, z: 0}
  m_Children:
  - {fileID: 1882378387}
  - {fileID: 1690471637}
  - {fileID: 1237638440}
  - {fileID: 658108877}
  - {fileID: 1464517102}
  m_Father: {fileID: 0}
  m_RootOrder: 6
  m_LocalEulerAnglesHint: {x: 0, y: 0, z: 0}
  m_AnchorMin: {x: 0, y: 0}
  m_AnchorMax: {x: 0, y: 0}
  m_AnchoredPosition: {x: 0, y: 0}
  m_SizeDelta: {x: 0, y: 0}
  m_Pivot: {x: 0, y: 0}
--- !u!1001 &426677209
PrefabInstance:
  m_ObjectHideFlags: 0
  serializedVersion: 2
  m_Modification:
    m_TransformParent: {fileID: 2017209006}
    m_Modifications:
    - target: {fileID: 9052893360722158068, guid: df58e00d81487f645b73175a9a076905,
        type: 3}
      propertyPath: m_RootOrder
      value: 1
      objectReference: {fileID: 0}
    - target: {fileID: 9052893360722158068, guid: df58e00d81487f645b73175a9a076905,
        type: 3}
      propertyPath: m_LocalPosition.x
      value: -106.01825
      objectReference: {fileID: 0}
    - target: {fileID: 9052893360722158068, guid: df58e00d81487f645b73175a9a076905,
        type: 3}
      propertyPath: m_LocalPosition.y
      value: -530.40515
      objectReference: {fileID: 0}
    - target: {fileID: 9052893360722158068, guid: df58e00d81487f645b73175a9a076905,
        type: 3}
      propertyPath: m_LocalPosition.z
      value: 36.689358
      objectReference: {fileID: 0}
    - target: {fileID: 9052893360722158068, guid: df58e00d81487f645b73175a9a076905,
        type: 3}
      propertyPath: m_LocalRotation.w
      value: 1
      objectReference: {fileID: 0}
    - target: {fileID: 9052893360722158068, guid: df58e00d81487f645b73175a9a076905,
        type: 3}
      propertyPath: m_LocalRotation.x
      value: -0
      objectReference: {fileID: 0}
    - target: {fileID: 9052893360722158068, guid: df58e00d81487f645b73175a9a076905,
        type: 3}
      propertyPath: m_LocalRotation.y
      value: -0
      objectReference: {fileID: 0}
    - target: {fileID: 9052893360722158068, guid: df58e00d81487f645b73175a9a076905,
        type: 3}
      propertyPath: m_LocalRotation.z
      value: -0
      objectReference: {fileID: 0}
    - target: {fileID: 9052893360722158068, guid: df58e00d81487f645b73175a9a076905,
        type: 3}
      propertyPath: m_LocalEulerAnglesHint.x
      value: 0
      objectReference: {fileID: 0}
    - target: {fileID: 9052893360722158068, guid: df58e00d81487f645b73175a9a076905,
        type: 3}
      propertyPath: m_LocalEulerAnglesHint.y
      value: 0
      objectReference: {fileID: 0}
    - target: {fileID: 9052893360722158068, guid: df58e00d81487f645b73175a9a076905,
        type: 3}
      propertyPath: m_LocalEulerAnglesHint.z
      value: 0
      objectReference: {fileID: 0}
    - target: {fileID: 9052893360722158073, guid: df58e00d81487f645b73175a9a076905,
        type: 3}
      propertyPath: m_Name
      value: SpiderCheck (3)
      objectReference: {fileID: 0}
    m_RemovedComponents: []
  m_SourcePrefab: {fileID: 100100000, guid: df58e00d81487f645b73175a9a076905, type: 3}
--- !u!4 &441151719 stripped
Transform:
  m_CorrespondingSourceObject: {fileID: 6906101812581518260, guid: 2ba8b4649b2281d47905b4417210570d,
    type: 3}
  m_PrefabInstance: {fileID: 283148505}
  m_PrefabAsset: {fileID: 0}
--- !u!212 &543104117 stripped
SpriteRenderer:
  m_CorrespondingSourceObject: {fileID: 8511918597590470928, guid: 0a5f95455ac4a0a40a004575720cafd0,
    type: 3}
  m_PrefabInstance: {fileID: 1764736596}
  m_PrefabAsset: {fileID: 0}
--- !u!4 &562777616 stripped
Transform:
  m_CorrespondingSourceObject: {fileID: 2103863778305624000, guid: e3d95275826352d4fbe60839cee15f80,
    type: 3}
  m_PrefabInstance: {fileID: 1785835602}
  m_PrefabAsset: {fileID: 0}
--- !u!95 &562777617 stripped
Animator:
  m_CorrespondingSourceObject: {fileID: 1987933999, guid: e3d95275826352d4fbe60839cee15f80,
    type: 3}
  m_PrefabInstance: {fileID: 1785835602}
  m_PrefabAsset: {fileID: 0}
--- !u!1 &596681543
GameObject:
  m_ObjectHideFlags: 0
  m_CorrespondingSourceObject: {fileID: 0}
  m_PrefabInstance: {fileID: 0}
  m_PrefabAsset: {fileID: 0}
  serializedVersion: 6
  m_Component:
  - component: {fileID: 596681544}
  - component: {fileID: 596681546}
  - component: {fileID: 596681545}
  m_Layer: 8
  m_Name: FrogCheck (1)
  m_TagString: BlockFrog
  m_Icon: {fileID: 419385456094870383, guid: 0000000000000000d000000000000000, type: 0}
  m_NavMeshLayer: 0
  m_StaticEditorFlags: 0
  m_IsActive: 1
--- !u!4 &596681544
Transform:
  m_ObjectHideFlags: 0
  m_CorrespondingSourceObject: {fileID: 0}
  m_PrefabInstance: {fileID: 0}
  m_PrefabAsset: {fileID: 0}
  m_GameObject: {fileID: 596681543}
  m_LocalRotation: {x: -0, y: -0, z: -0, w: 1}
  m_LocalPosition: {x: -114.44, y: -523.48, z: 0}
  m_LocalScale: {x: 1, y: 1, z: 1}
  m_Children: []
  m_Father: {fileID: 2017209006}
  m_RootOrder: 7
  m_LocalEulerAnglesHint: {x: 0, y: 0, z: 0}
--- !u!114 &596681545
MonoBehaviour:
  m_ObjectHideFlags: 0
  m_CorrespondingSourceObject: {fileID: 0}
  m_PrefabInstance: {fileID: 0}
  m_PrefabAsset: {fileID: 0}
  m_GameObject: {fileID: 596681543}
  m_Enabled: 1
  m_EditorHideFlags: 0
  m_Script: {fileID: 11500000, guid: 70beda1830db5c841a7f0d6ee3fed31f, type: 3}
  m_Name: 
  m_EditorClassIdentifier: 
  direction: 0
--- !u!61 &596681546
BoxCollider2D:
  m_ObjectHideFlags: 0
  m_CorrespondingSourceObject: {fileID: 0}
  m_PrefabInstance: {fileID: 0}
  m_PrefabAsset: {fileID: 0}
  m_GameObject: {fileID: 596681543}
  m_Enabled: 1
  m_Density: 1
  m_Material: {fileID: 0}
  m_IsTrigger: 1
  m_UsedByEffector: 0
  m_UsedByComposite: 0
  m_Offset: {x: 0, y: 0}
  m_SpriteTilingProperty:
    border: {x: 0, y: 0, z: 0, w: 0}
    pivot: {x: 0, y: 0}
    oldSize: {x: 0, y: 0}
    newSize: {x: 0, y: 0}
    adaptiveTilingThreshold: 0
    drawMode: 0
    adaptiveTiling: 0
  m_AutoTiling: 0
  serializedVersion: 2
  m_Size: {x: 1, y: 1}
  m_EdgeRadius: 0
--- !u!4 &609907116 stripped
Transform:
  m_CorrespondingSourceObject: {fileID: 6906101812581518260, guid: 2ba8b4649b2281d47905b4417210570d,
    type: 3}
  m_PrefabInstance: {fileID: 741166727}
  m_PrefabAsset: {fileID: 0}
--- !u!1001 &620911476
PrefabInstance:
  m_ObjectHideFlags: 0
  serializedVersion: 2
  m_Modification:
    m_TransformParent: {fileID: 0}
    m_Modifications:
    - target: {fileID: 3999748871284898313, guid: e1c09e51a755e2f499326806dee6bc46,
        type: 3}
      propertyPath: m_Name
      value: Grid (1)
      objectReference: {fileID: 0}
    - target: {fileID: 3999748871284898315, guid: e1c09e51a755e2f499326806dee6bc46,
        type: 3}
      propertyPath: m_RootOrder
      value: 5
      objectReference: {fileID: 0}
    - target: {fileID: 3999748871284898315, guid: e1c09e51a755e2f499326806dee6bc46,
        type: 3}
      propertyPath: m_LocalPosition.x
      value: 0
      objectReference: {fileID: 0}
    - target: {fileID: 3999748871284898315, guid: e1c09e51a755e2f499326806dee6bc46,
        type: 3}
      propertyPath: m_LocalPosition.y
      value: 0
      objectReference: {fileID: 0}
    - target: {fileID: 3999748871284898315, guid: e1c09e51a755e2f499326806dee6bc46,
        type: 3}
      propertyPath: m_LocalPosition.z
      value: 0
      objectReference: {fileID: 0}
    - target: {fileID: 3999748871284898315, guid: e1c09e51a755e2f499326806dee6bc46,
        type: 3}
      propertyPath: m_LocalRotation.w
      value: 1
      objectReference: {fileID: 0}
    - target: {fileID: 3999748871284898315, guid: e1c09e51a755e2f499326806dee6bc46,
        type: 3}
      propertyPath: m_LocalRotation.x
      value: 0
      objectReference: {fileID: 0}
    - target: {fileID: 3999748871284898315, guid: e1c09e51a755e2f499326806dee6bc46,
        type: 3}
      propertyPath: m_LocalRotation.y
      value: 0
      objectReference: {fileID: 0}
    - target: {fileID: 3999748871284898315, guid: e1c09e51a755e2f499326806dee6bc46,
        type: 3}
      propertyPath: m_LocalRotation.z
      value: 0
      objectReference: {fileID: 0}
    - target: {fileID: 3999748871284898315, guid: e1c09e51a755e2f499326806dee6bc46,
        type: 3}
      propertyPath: m_LocalEulerAnglesHint.x
      value: 0
      objectReference: {fileID: 0}
    - target: {fileID: 3999748871284898315, guid: e1c09e51a755e2f499326806dee6bc46,
        type: 3}
      propertyPath: m_LocalEulerAnglesHint.y
      value: 0
      objectReference: {fileID: 0}
    - target: {fileID: 3999748871284898315, guid: e1c09e51a755e2f499326806dee6bc46,
        type: 3}
      propertyPath: m_LocalEulerAnglesHint.z
      value: 0
      objectReference: {fileID: 0}
    m_RemovedComponents: []
  m_SourcePrefab: {fileID: 100100000, guid: e1c09e51a755e2f499326806dee6bc46, type: 3}
--- !u!1 &658108876
GameObject:
  m_ObjectHideFlags: 0
  m_CorrespondingSourceObject: {fileID: 0}
  m_PrefabInstance: {fileID: 0}
  m_PrefabAsset: {fileID: 0}
  serializedVersion: 6
  m_Component:
  - component: {fileID: 658108877}
  - component: {fileID: 658108879}
  - component: {fileID: 658108878}
  m_Layer: 5
  m_Name: LifeText (TMP)
  m_TagString: Untagged
  m_Icon: {fileID: 0}
  m_NavMeshLayer: 0
  m_StaticEditorFlags: 0
  m_IsActive: 1
--- !u!224 &658108877
RectTransform:
  m_ObjectHideFlags: 0
  m_CorrespondingSourceObject: {fileID: 0}
  m_PrefabInstance: {fileID: 0}
  m_PrefabAsset: {fileID: 0}
  m_GameObject: {fileID: 658108876}
  m_LocalRotation: {x: 0, y: 0, z: 0, w: 1}
  m_LocalPosition: {x: 0, y: 0, z: 0}
  m_LocalScale: {x: 1, y: 1, z: 1}
  m_Children: []
  m_Father: {fileID: 318451970}
  m_RootOrder: 3
  m_LocalEulerAnglesHint: {x: 0, y: 0, z: 0}
  m_AnchorMin: {x: 0, y: 0}
  m_AnchorMax: {x: 0, y: 0}
  m_AnchoredPosition: {x: 128.53, y: 40}
  m_SizeDelta: {x: 233.06076, y: 50}
  m_Pivot: {x: 0.5, y: 0.5}
--- !u!114 &658108878
MonoBehaviour:
  m_ObjectHideFlags: 0
  m_CorrespondingSourceObject: {fileID: 0}
  m_PrefabInstance: {fileID: 0}
  m_PrefabAsset: {fileID: 0}
  m_GameObject: {fileID: 658108876}
  m_Enabled: 1
  m_EditorHideFlags: 0
  m_Script: {fileID: 11500000, guid: f4688fdb7df04437aeb418b961361dc5, type: 3}
  m_Name: 
  m_EditorClassIdentifier: 
  m_Material: {fileID: 0}
  m_Color: {r: 1, g: 1, b: 1, a: 1}
  m_RaycastTarget: 1
  m_Maskable: 1
  m_OnCullStateChanged:
    m_PersistentCalls:
      m_Calls: []
  m_text: New Text
  m_isRightToLeft: 0
  m_fontAsset: {fileID: 11400000, guid: fa2a51e034112e541aa106124878901f, type: 2}
  m_sharedMaterial: {fileID: 1811753236686571408, guid: fa2a51e034112e541aa106124878901f,
    type: 2}
  m_fontSharedMaterials: []
  m_fontMaterial: {fileID: 0}
  m_fontMaterials: []
  m_fontColor32:
    serializedVersion: 2
    rgba: 4294967295
  m_fontColor: {r: 1, g: 1, b: 1, a: 1}
  m_enableVertexGradient: 0
  m_colorMode: 3
  m_fontColorGradient:
    topLeft: {r: 1, g: 1, b: 1, a: 1}
    topRight: {r: 1, g: 1, b: 1, a: 1}
    bottomLeft: {r: 1, g: 1, b: 1, a: 1}
    bottomRight: {r: 1, g: 1, b: 1, a: 1}
  m_fontColorGradientPreset: {fileID: 0}
  m_spriteAsset: {fileID: 0}
  m_tintAllSprites: 0
  m_StyleSheet: {fileID: 0}
  m_TextStyleHashCode: -1183493901
  m_overrideHtmlColors: 0
  m_faceColor:
    serializedVersion: 2
    rgba: 4294967295
  m_fontSize: 36
  m_fontSizeBase: 36
  m_fontWeight: 400
  m_enableAutoSizing: 0
  m_fontSizeMin: 18
  m_fontSizeMax: 72
  m_fontStyle: 0
  m_HorizontalAlignment: 1
  m_VerticalAlignment: 256
  m_textAlignment: 65535
  m_characterSpacing: 0
  m_wordSpacing: 0
  m_lineSpacing: 0
  m_lineSpacingMax: 0
  m_paragraphSpacing: 0
  m_charWidthMaxAdj: 0
  m_enableWordWrapping: 1
  m_wordWrappingRatios: 0.4
  m_overflowMode: 0
  m_linkedTextComponent: {fileID: 0}
  parentLinkedComponent: {fileID: 0}
  m_enableKerning: 1
  m_enableExtraPadding: 0
  checkPaddingRequired: 0
  m_isRichText: 1
  m_parseCtrlCharacters: 1
  m_isOrthographic: 1
  m_isCullingEnabled: 0
  m_horizontalMapping: 0
  m_verticalMapping: 0
  m_uvLineOffset: 0
  m_geometrySortingOrder: 0
  m_IsTextObjectScaleStatic: 0
  m_VertexBufferAutoSizeReduction: 1
  m_useMaxVisibleDescender: 1
  m_pageToDisplay: 1
  m_margin: {x: 0, y: 0, z: 0, w: 0}
  m_isUsingLegacyAnimationComponent: 0
  m_isVolumetricText: 0
  m_hasFontAssetChanged: 0
  m_baseMaterial: {fileID: 0}
  m_maskOffset: {x: 0, y: 0, z: 0, w: 0}
--- !u!222 &658108879
CanvasRenderer:
  m_ObjectHideFlags: 0
  m_CorrespondingSourceObject: {fileID: 0}
  m_PrefabInstance: {fileID: 0}
  m_PrefabAsset: {fileID: 0}
  m_GameObject: {fileID: 658108876}
  m_CullTransparentMesh: 0
--- !u!1 &665351851 stripped
GameObject:
  m_CorrespondingSourceObject: {fileID: 864801693501010576, guid: c20af8ffed7de174b8c5323fe805bd1d,
    type: 3}
  m_PrefabInstance: {fileID: 1169378554}
  m_PrefabAsset: {fileID: 0}
--- !u!4 &734766327 stripped
Transform:
  m_CorrespondingSourceObject: {fileID: 9052893360722158068, guid: df58e00d81487f645b73175a9a076905,
    type: 3}
  m_PrefabInstance: {fileID: 426677209}
  m_PrefabAsset: {fileID: 0}
--- !u!1001 &741166727
PrefabInstance:
  m_ObjectHideFlags: 0
  serializedVersion: 2
  m_Modification:
    m_TransformParent: {fileID: 930191635}
    m_Modifications:
    - target: {fileID: 6906101812581518260, guid: 2ba8b4649b2281d47905b4417210570d,
        type: 3}
      propertyPath: m_RootOrder
      value: 3
      objectReference: {fileID: 0}
    - target: {fileID: 6906101812581518260, guid: 2ba8b4649b2281d47905b4417210570d,
        type: 3}
      propertyPath: m_LocalScale.x
      value: 1
      objectReference: {fileID: 0}
    - target: {fileID: 6906101812581518260, guid: 2ba8b4649b2281d47905b4417210570d,
        type: 3}
      propertyPath: m_LocalScale.y
      value: 1
      objectReference: {fileID: 0}
    - target: {fileID: 6906101812581518260, guid: 2ba8b4649b2281d47905b4417210570d,
        type: 3}
      propertyPath: m_LocalScale.z
      value: 1
      objectReference: {fileID: 0}
    - target: {fileID: 6906101812581518260, guid: 2ba8b4649b2281d47905b4417210570d,
        type: 3}
      propertyPath: m_LocalPosition.x
      value: -160.51901
      objectReference: {fileID: 0}
    - target: {fileID: 6906101812581518260, guid: 2ba8b4649b2281d47905b4417210570d,
        type: 3}
      propertyPath: m_LocalPosition.y
      value: -534.07666
      objectReference: {fileID: 0}
    - target: {fileID: 6906101812581518260, guid: 2ba8b4649b2281d47905b4417210570d,
        type: 3}
      propertyPath: m_LocalPosition.z
      value: 0
      objectReference: {fileID: 0}
    - target: {fileID: 6906101812581518260, guid: 2ba8b4649b2281d47905b4417210570d,
        type: 3}
      propertyPath: m_LocalRotation.w
      value: 1
      objectReference: {fileID: 0}
    - target: {fileID: 6906101812581518260, guid: 2ba8b4649b2281d47905b4417210570d,
        type: 3}
      propertyPath: m_LocalRotation.x
      value: -0
      objectReference: {fileID: 0}
    - target: {fileID: 6906101812581518260, guid: 2ba8b4649b2281d47905b4417210570d,
        type: 3}
      propertyPath: m_LocalRotation.y
      value: -0
      objectReference: {fileID: 0}
    - target: {fileID: 6906101812581518260, guid: 2ba8b4649b2281d47905b4417210570d,
        type: 3}
      propertyPath: m_LocalRotation.z
      value: -0
      objectReference: {fileID: 0}
    - target: {fileID: 6906101812581518260, guid: 2ba8b4649b2281d47905b4417210570d,
        type: 3}
      propertyPath: m_LocalEulerAnglesHint.x
      value: 0
      objectReference: {fileID: 0}
    - target: {fileID: 6906101812581518260, guid: 2ba8b4649b2281d47905b4417210570d,
        type: 3}
      propertyPath: m_LocalEulerAnglesHint.y
      value: 0
      objectReference: {fileID: 0}
    - target: {fileID: 6906101812581518260, guid: 2ba8b4649b2281d47905b4417210570d,
        type: 3}
      propertyPath: m_LocalEulerAnglesHint.z
      value: 0
      objectReference: {fileID: 0}
    - target: {fileID: 6906101812581518262, guid: 2ba8b4649b2281d47905b4417210570d,
        type: 3}
      propertyPath: m_Name
      value: Gold
      objectReference: {fileID: 0}
    m_RemovedComponents: []
  m_SourcePrefab: {fileID: 100100000, guid: 2ba8b4649b2281d47905b4417210570d, type: 3}
--- !u!1 &747686072
GameObject:
  m_ObjectHideFlags: 0
  m_CorrespondingSourceObject: {fileID: 0}
  m_PrefabInstance: {fileID: 0}
  m_PrefabAsset: {fileID: 0}
  serializedVersion: 6
  m_Component:
  - component: {fileID: 747686073}
  - component: {fileID: 747686075}
  - component: {fileID: 747686074}
  m_Layer: 8
  m_Name: FrogCheck (2)
  m_TagString: BlockFrogEnd
  m_Icon: {fileID: 419385456094870383, guid: 0000000000000000d000000000000000, type: 0}
  m_NavMeshLayer: 0
  m_StaticEditorFlags: 0
  m_IsActive: 1
--- !u!4 &747686073
Transform:
  m_ObjectHideFlags: 0
  m_CorrespondingSourceObject: {fileID: 0}
  m_PrefabInstance: {fileID: 0}
  m_PrefabAsset: {fileID: 0}
  m_GameObject: {fileID: 747686072}
  m_LocalRotation: {x: -0, y: -0, z: -0, w: 1}
  m_LocalPosition: {x: -106.86, y: -524.44, z: 0}
  m_LocalScale: {x: 1, y: 1, z: 1}
  m_Children: []
  m_Father: {fileID: 2017209006}
  m_RootOrder: 8
  m_LocalEulerAnglesHint: {x: 0, y: 0, z: 0}
--- !u!114 &747686074
MonoBehaviour:
  m_ObjectHideFlags: 0
  m_CorrespondingSourceObject: {fileID: 0}
  m_PrefabInstance: {fileID: 0}
  m_PrefabAsset: {fileID: 0}
  m_GameObject: {fileID: 747686072}
  m_Enabled: 1
  m_EditorHideFlags: 0
  m_Script: {fileID: 11500000, guid: 70beda1830db5c841a7f0d6ee3fed31f, type: 3}
  m_Name: 
  m_EditorClassIdentifier: 
  direction: 1
--- !u!61 &747686075
BoxCollider2D:
  m_ObjectHideFlags: 0
  m_CorrespondingSourceObject: {fileID: 0}
  m_PrefabInstance: {fileID: 0}
  m_PrefabAsset: {fileID: 0}
  m_GameObject: {fileID: 747686072}
  m_Enabled: 1
  m_Density: 1
  m_Material: {fileID: 0}
  m_IsTrigger: 1
  m_UsedByEffector: 0
  m_UsedByComposite: 0
  m_Offset: {x: 0, y: 0}
  m_SpriteTilingProperty:
    border: {x: 0, y: 0, z: 0, w: 0}
    pivot: {x: 0, y: 0}
    oldSize: {x: 0, y: 0}
    newSize: {x: 0, y: 0}
    adaptiveTilingThreshold: 0
    drawMode: 0
    adaptiveTiling: 0
  m_AutoTiling: 0
  serializedVersion: 2
  m_Size: {x: 1, y: 1}
  m_EdgeRadius: 0
--- !u!4 &751332576 stripped
Transform:
  m_CorrespondingSourceObject: {fileID: 9052893360722158068, guid: df58e00d81487f645b73175a9a076905,
    type: 3}
  m_PrefabInstance: {fileID: 1594458337}
  m_PrefabAsset: {fileID: 0}
--- !u!4 &892986219 stripped
Transform:
  m_CorrespondingSourceObject: {fileID: 2103863778305624000, guid: e3d95275826352d4fbe60839cee15f80,
    type: 3}
  m_PrefabInstance: {fileID: 929877013}
  m_PrefabAsset: {fileID: 0}
--- !u!95 &892986220 stripped
Animator:
  m_CorrespondingSourceObject: {fileID: 1987933999, guid: e3d95275826352d4fbe60839cee15f80,
    type: 3}
  m_PrefabInstance: {fileID: 929877013}
  m_PrefabAsset: {fileID: 0}
--- !u!1001 &929877013
PrefabInstance:
  m_ObjectHideFlags: 0
  serializedVersion: 2
  m_Modification:
    m_TransformParent: {fileID: 2017209006}
    m_Modifications:
    - target: {fileID: 2103863778305624000, guid: e3d95275826352d4fbe60839cee15f80,
        type: 3}
      propertyPath: m_RootOrder
      value: 0
      objectReference: {fileID: 0}
    - target: {fileID: 2103863778305624000, guid: e3d95275826352d4fbe60839cee15f80,
        type: 3}
      propertyPath: m_LocalScale.x
      value: 1
      objectReference: {fileID: 0}
    - target: {fileID: 2103863778305624000, guid: e3d95275826352d4fbe60839cee15f80,
        type: 3}
      propertyPath: m_LocalScale.y
      value: 1
      objectReference: {fileID: 0}
    - target: {fileID: 2103863778305624000, guid: e3d95275826352d4fbe60839cee15f80,
        type: 3}
      propertyPath: m_LocalScale.z
      value: 1
      objectReference: {fileID: 0}
    - target: {fileID: 2103863778305624000, guid: e3d95275826352d4fbe60839cee15f80,
        type: 3}
      propertyPath: m_LocalPosition.x
      value: -110.19425
      objectReference: {fileID: 0}
    - target: {fileID: 2103863778305624000, guid: e3d95275826352d4fbe60839cee15f80,
        type: 3}
      propertyPath: m_LocalPosition.y
      value: -530.4142
      objectReference: {fileID: 0}
    - target: {fileID: 2103863778305624000, guid: e3d95275826352d4fbe60839cee15f80,
        type: 3}
      propertyPath: m_LocalPosition.z
      value: 0
      objectReference: {fileID: 0}
    - target: {fileID: 2103863778305624000, guid: e3d95275826352d4fbe60839cee15f80,
        type: 3}
      propertyPath: m_LocalRotation.w
      value: 1
      objectReference: {fileID: 0}
    - target: {fileID: 2103863778305624000, guid: e3d95275826352d4fbe60839cee15f80,
        type: 3}
      propertyPath: m_LocalRotation.x
      value: -0
      objectReference: {fileID: 0}
    - target: {fileID: 2103863778305624000, guid: e3d95275826352d4fbe60839cee15f80,
        type: 3}
      propertyPath: m_LocalRotation.y
      value: -0
      objectReference: {fileID: 0}
    - target: {fileID: 2103863778305624000, guid: e3d95275826352d4fbe60839cee15f80,
        type: 3}
      propertyPath: m_LocalRotation.z
      value: -0
      objectReference: {fileID: 0}
    - target: {fileID: 2103863778305624000, guid: e3d95275826352d4fbe60839cee15f80,
        type: 3}
      propertyPath: m_LocalEulerAnglesHint.x
      value: 0
      objectReference: {fileID: 0}
    - target: {fileID: 2103863778305624000, guid: e3d95275826352d4fbe60839cee15f80,
        type: 3}
      propertyPath: m_LocalEulerAnglesHint.y
      value: 0
      objectReference: {fileID: 0}
    - target: {fileID: 2103863778305624000, guid: e3d95275826352d4fbe60839cee15f80,
        type: 3}
      propertyPath: m_LocalEulerAnglesHint.z
      value: 0
      objectReference: {fileID: 0}
    - target: {fileID: 2103863778305624001, guid: e3d95275826352d4fbe60839cee15f80,
        type: 3}
      propertyPath: m_SortingOrder
      value: 1
      objectReference: {fileID: 0}
    - target: {fileID: 2103863778305624003, guid: e3d95275826352d4fbe60839cee15f80,
        type: 3}
      propertyPath: speed
      value: 3
      objectReference: {fileID: 0}
    - target: {fileID: 2103863778305624003, guid: e3d95275826352d4fbe60839cee15f80,
        type: 3}
      propertyPath: animator
      value: 
      objectReference: {fileID: 892986220}
    - target: {fileID: 2103863778305624030, guid: e3d95275826352d4fbe60839cee15f80,
        type: 3}
      propertyPath: m_Name
      value: Spider (1)
      objectReference: {fileID: 0}
    m_RemovedComponents: []
  m_SourcePrefab: {fileID: 100100000, guid: e3d95275826352d4fbe60839cee15f80, type: 3}
--- !u!1 &930191634
GameObject:
  m_ObjectHideFlags: 0
  m_CorrespondingSourceObject: {fileID: 0}
  m_PrefabInstance: {fileID: 0}
  m_PrefabAsset: {fileID: 0}
  serializedVersion: 6
  m_Component:
  - component: {fileID: 930191635}
  m_Layer: 0
  m_Name: Gold
  m_TagString: Untagged
  m_Icon: {fileID: 0}
  m_NavMeshLayer: 0
  m_StaticEditorFlags: 0
  m_IsActive: 1
--- !u!4 &930191635
Transform:
  m_ObjectHideFlags: 0
  m_CorrespondingSourceObject: {fileID: 0}
  m_PrefabInstance: {fileID: 0}
  m_PrefabAsset: {fileID: 0}
  m_GameObject: {fileID: 930191634}
  m_LocalRotation: {x: 0, y: 0, z: 0, w: 1}
  m_LocalPosition: {x: 151.919, y: 538.61163, z: 0}
  m_LocalScale: {x: 1, y: 1, z: 1}
  m_Children:
  - {fileID: 1363311112}
  - {fileID: 441151719}
  - {fileID: 1697472616}
  - {fileID: 609907116}
  m_Father: {fileID: 0}
  m_RootOrder: 9
  m_LocalEulerAnglesHint: {x: 0, y: 0, z: 0}
--- !u!1001 &1169378554
PrefabInstance:
  m_ObjectHideFlags: 0
  serializedVersion: 2
  m_Modification:
    m_TransformParent: {fileID: 0}
    m_Modifications:
    - target: {fileID: 864801693501010576, guid: c20af8ffed7de174b8c5323fe805bd1d,
        type: 3}
      propertyPath: m_Name
      value: Racine_01
      objectReference: {fileID: 0}
    - target: {fileID: 864801693501010590, guid: c20af8ffed7de174b8c5323fe805bd1d,
        type: 3}
      propertyPath: m_RootOrder
      value: 3
      objectReference: {fileID: 0}
    - target: {fileID: 864801693501010590, guid: c20af8ffed7de174b8c5323fe805bd1d,
        type: 3}
      propertyPath: m_LocalPosition.x
      value: 5.248
      objectReference: {fileID: 0}
    - target: {fileID: 864801693501010590, guid: c20af8ffed7de174b8c5323fe805bd1d,
        type: 3}
      propertyPath: m_LocalPosition.y
      value: 2
      objectReference: {fileID: 0}
    - target: {fileID: 864801693501010590, guid: c20af8ffed7de174b8c5323fe805bd1d,
        type: 3}
      propertyPath: m_LocalPosition.z
      value: 0
      objectReference: {fileID: 0}
    - target: {fileID: 864801693501010590, guid: c20af8ffed7de174b8c5323fe805bd1d,
        type: 3}
      propertyPath: m_LocalRotation.w
      value: 1
      objectReference: {fileID: 0}
    - target: {fileID: 864801693501010590, guid: c20af8ffed7de174b8c5323fe805bd1d,
        type: 3}
      propertyPath: m_LocalRotation.x
      value: 0
      objectReference: {fileID: 0}
    - target: {fileID: 864801693501010590, guid: c20af8ffed7de174b8c5323fe805bd1d,
        type: 3}
      propertyPath: m_LocalRotation.y
      value: 0
      objectReference: {fileID: 0}
    - target: {fileID: 864801693501010590, guid: c20af8ffed7de174b8c5323fe805bd1d,
        type: 3}
      propertyPath: m_LocalRotation.z
      value: 0
      objectReference: {fileID: 0}
    - target: {fileID: 864801693501010590, guid: c20af8ffed7de174b8c5323fe805bd1d,
        type: 3}
      propertyPath: m_LocalEulerAnglesHint.x
      value: 0
      objectReference: {fileID: 0}
    - target: {fileID: 864801693501010590, guid: c20af8ffed7de174b8c5323fe805bd1d,
        type: 3}
      propertyPath: m_LocalEulerAnglesHint.y
      value: 0
      objectReference: {fileID: 0}
    - target: {fileID: 864801693501010590, guid: c20af8ffed7de174b8c5323fe805bd1d,
        type: 3}
      propertyPath: m_LocalEulerAnglesHint.z
      value: 0
      objectReference: {fileID: 0}
    m_RemovedComponents: []
  m_SourcePrefab: {fileID: 100100000, guid: c20af8ffed7de174b8c5323fe805bd1d, type: 3}
--- !u!1 &1237638439
GameObject:
  m_ObjectHideFlags: 0
  m_CorrespondingSourceObject: {fileID: 0}
  m_PrefabInstance: {fileID: 0}
  m_PrefabAsset: {fileID: 0}
  serializedVersion: 6
  m_Component:
  - component: {fileID: 1237638440}
  - component: {fileID: 1237638442}
  - component: {fileID: 1237638441}
  m_Layer: 5
  m_Name: Image
  m_TagString: Untagged
  m_Icon: {fileID: 0}
  m_NavMeshLayer: 0
  m_StaticEditorFlags: 0
  m_IsActive: 1
--- !u!224 &1237638440
RectTransform:
  m_ObjectHideFlags: 0
  m_CorrespondingSourceObject: {fileID: 0}
  m_PrefabInstance: {fileID: 0}
  m_PrefabAsset: {fileID: 0}
  m_GameObject: {fileID: 1237638439}
  m_LocalRotation: {x: 0, y: 0, z: 0, w: 1}
  m_LocalPosition: {x: 0, y: 0, z: 0}
  m_LocalScale: {x: 1, y: 1, z: 1}
  m_Children: []
  m_Father: {fileID: 318451970}
  m_RootOrder: 2
  m_LocalEulerAnglesHint: {x: 0, y: 0, z: 0}
  m_AnchorMin: {x: 0, y: 1}
  m_AnchorMax: {x: 0, y: 1}
  m_AnchoredPosition: {x: 33, y: -51}
  m_SizeDelta: {x: 100, y: 100}
  m_Pivot: {x: 0.5, y: 0.5}
--- !u!114 &1237638441
MonoBehaviour:
  m_ObjectHideFlags: 0
  m_CorrespondingSourceObject: {fileID: 0}
  m_PrefabInstance: {fileID: 0}
  m_PrefabAsset: {fileID: 0}
  m_GameObject: {fileID: 1237638439}
  m_Enabled: 1
  m_EditorHideFlags: 0
  m_Script: {fileID: 11500000, guid: fe87c0e1cc204ed48ad3b37840f39efc, type: 3}
  m_Name: 
  m_EditorClassIdentifier: 
  m_Material: {fileID: 0}
  m_Color: {r: 1, g: 1, b: 1, a: 1}
  m_RaycastTarget: 1
  m_Maskable: 1
  m_OnCullStateChanged:
    m_PersistentCalls:
      m_Calls: []
  m_Sprite: {fileID: 21300000, guid: 619c04a7396e7f44d840911ca997dc61, type: 3}
  m_Type: 0
  m_PreserveAspect: 0
  m_FillCenter: 1
  m_FillMethod: 4
  m_FillAmount: 1
  m_FillClockwise: 1
  m_FillOrigin: 0
  m_UseSpriteMesh: 0
  m_PixelsPerUnitMultiplier: 1
--- !u!222 &1237638442
CanvasRenderer:
  m_ObjectHideFlags: 0
  m_CorrespondingSourceObject: {fileID: 0}
  m_PrefabInstance: {fileID: 0}
  m_PrefabAsset: {fileID: 0}
  m_GameObject: {fileID: 1237638439}
  m_CullTransparentMesh: 0
--- !u!4 &1363311112 stripped
Transform:
  m_CorrespondingSourceObject: {fileID: 6906101812581518260, guid: 2ba8b4649b2281d47905b4417210570d,
    type: 3}
  m_PrefabInstance: {fileID: 1442367174}
  m_PrefabAsset: {fileID: 0}
--- !u!1001 &1442367174
PrefabInstance:
  m_ObjectHideFlags: 0
  serializedVersion: 2
  m_Modification:
    m_TransformParent: {fileID: 930191635}
    m_Modifications:
    - target: {fileID: 6906101812581518260, guid: 2ba8b4649b2281d47905b4417210570d,
        type: 3}
      propertyPath: m_RootOrder
      value: 0
      objectReference: {fileID: 0}
    - target: {fileID: 6906101812581518260, guid: 2ba8b4649b2281d47905b4417210570d,
        type: 3}
      propertyPath: m_LocalPosition.x
      value: -154.451
      objectReference: {fileID: 0}
    - target: {fileID: 6906101812581518260, guid: 2ba8b4649b2281d47905b4417210570d,
        type: 3}
      propertyPath: m_LocalPosition.y
      value: -539.0656
      objectReference: {fileID: 0}
    - target: {fileID: 6906101812581518260, guid: 2ba8b4649b2281d47905b4417210570d,
        type: 3}
      propertyPath: m_LocalPosition.z
      value: 0
      objectReference: {fileID: 0}
    - target: {fileID: 6906101812581518260, guid: 2ba8b4649b2281d47905b4417210570d,
        type: 3}
      propertyPath: m_LocalRotation.w
      value: 1
      objectReference: {fileID: 0}
    - target: {fileID: 6906101812581518260, guid: 2ba8b4649b2281d47905b4417210570d,
        type: 3}
      propertyPath: m_LocalRotation.x
      value: -0
      objectReference: {fileID: 0}
    - target: {fileID: 6906101812581518260, guid: 2ba8b4649b2281d47905b4417210570d,
        type: 3}
      propertyPath: m_LocalRotation.y
      value: -0
      objectReference: {fileID: 0}
    - target: {fileID: 6906101812581518260, guid: 2ba8b4649b2281d47905b4417210570d,
        type: 3}
      propertyPath: m_LocalRotation.z
      value: -0
      objectReference: {fileID: 0}
    - target: {fileID: 6906101812581518260, guid: 2ba8b4649b2281d47905b4417210570d,
        type: 3}
      propertyPath: m_LocalEulerAnglesHint.x
      value: 0
      objectReference: {fileID: 0}
    - target: {fileID: 6906101812581518260, guid: 2ba8b4649b2281d47905b4417210570d,
        type: 3}
      propertyPath: m_LocalEulerAnglesHint.y
      value: 0
      objectReference: {fileID: 0}
    - target: {fileID: 6906101812581518260, guid: 2ba8b4649b2281d47905b4417210570d,
        type: 3}
      propertyPath: m_LocalEulerAnglesHint.z
      value: 0
      objectReference: {fileID: 0}
    - target: {fileID: 6906101812581518262, guid: 2ba8b4649b2281d47905b4417210570d,
        type: 3}
      propertyPath: m_Name
      value: Gold (3)
      objectReference: {fileID: 0}
    m_RemovedComponents: []
  m_SourcePrefab: {fileID: 100100000, guid: 2ba8b4649b2281d47905b4417210570d, type: 3}
--- !u!1 &1464517101 stripped
GameObject:
  m_CorrespondingSourceObject: {fileID: 2280701333605799126, guid: d95aa46b46e39db4dab08d9e5c6b98e7,
    type: 3}
  m_PrefabInstance: {fileID: 2280701332243322171}
  m_PrefabAsset: {fileID: 0}
--- !u!224 &1464517102 stripped
RectTransform:
  m_CorrespondingSourceObject: {fileID: 2280701333605799125, guid: d95aa46b46e39db4dab08d9e5c6b98e7,
    type: 3}
  m_PrefabInstance: {fileID: 2280701332243322171}
  m_PrefabAsset: {fileID: 0}
--- !u!114 &1497366240 stripped
MonoBehaviour:
  m_CorrespondingSourceObject: {fileID: 8511918596696709025, guid: 0a5f95455ac4a0a40a004575720cafd0,
    type: 3}
  m_PrefabInstance: {fileID: 1764736596}
  m_PrefabAsset: {fileID: 0}
  m_GameObject: {fileID: 0}
  m_Enabled: 1
  m_EditorHideFlags: 0
  m_Script: {fileID: 11500000, guid: f890d347bc5572c42b6d592a88a56cd4, type: 3}
  m_Name: 
  m_EditorClassIdentifier: 
--- !u!1001 &1584454980
PrefabInstance:
  m_ObjectHideFlags: 0
  serializedVersion: 2
  m_Modification:
    m_TransformParent: {fileID: 2017209006}
    m_Modifications:
    - target: {fileID: 9052893360722158068, guid: df58e00d81487f645b73175a9a076905,
        type: 3}
      propertyPath: m_RootOrder
      value: 3
      objectReference: {fileID: 0}
    - target: {fileID: 9052893360722158068, guid: df58e00d81487f645b73175a9a076905,
        type: 3}
      propertyPath: m_LocalPosition.x
      value: -106.54
      objectReference: {fileID: 0}
    - target: {fileID: 9052893360722158068, guid: df58e00d81487f645b73175a9a076905,
        type: 3}
      propertyPath: m_LocalPosition.y
      value: -524.4082
      objectReference: {fileID: 0}
    - target: {fileID: 9052893360722158068, guid: df58e00d81487f645b73175a9a076905,
        type: 3}
      propertyPath: m_LocalPosition.z
      value: 36.689358
      objectReference: {fileID: 0}
    - target: {fileID: 9052893360722158068, guid: df58e00d81487f645b73175a9a076905,
        type: 3}
      propertyPath: m_LocalRotation.w
      value: 1
      objectReference: {fileID: 0}
    - target: {fileID: 9052893360722158068, guid: df58e00d81487f645b73175a9a076905,
        type: 3}
      propertyPath: m_LocalRotation.x
      value: -0
      objectReference: {fileID: 0}
    - target: {fileID: 9052893360722158068, guid: df58e00d81487f645b73175a9a076905,
        type: 3}
      propertyPath: m_LocalRotation.y
      value: -0
      objectReference: {fileID: 0}
    - target: {fileID: 9052893360722158068, guid: df58e00d81487f645b73175a9a076905,
        type: 3}
      propertyPath: m_LocalRotation.z
      value: -0
      objectReference: {fileID: 0}
    - target: {fileID: 9052893360722158068, guid: df58e00d81487f645b73175a9a076905,
        type: 3}
      propertyPath: m_LocalEulerAnglesHint.x
      value: 0
      objectReference: {fileID: 0}
    - target: {fileID: 9052893360722158068, guid: df58e00d81487f645b73175a9a076905,
        type: 3}
      propertyPath: m_LocalEulerAnglesHint.y
      value: 0
      objectReference: {fileID: 0}
    - target: {fileID: 9052893360722158068, guid: df58e00d81487f645b73175a9a076905,
        type: 3}
      propertyPath: m_LocalEulerAnglesHint.z
      value: 0
      objectReference: {fileID: 0}
    - target: {fileID: 9052893360722158073, guid: df58e00d81487f645b73175a9a076905,
        type: 3}
      propertyPath: m_Name
      value: SpiderCheck (1)
      objectReference: {fileID: 0}
    m_RemovedComponents: []
  m_SourcePrefab: {fileID: 100100000, guid: df58e00d81487f645b73175a9a076905, type: 3}
--- !u!1001 &1594458337
PrefabInstance:
  m_ObjectHideFlags: 0
  serializedVersion: 2
  m_Modification:
    m_TransformParent: {fileID: 2017209006}
    m_Modifications:
    - target: {fileID: 9052893360722158068, guid: df58e00d81487f645b73175a9a076905,
        type: 3}
      propertyPath: m_RootOrder
      value: 4
      objectReference: {fileID: 0}
    - target: {fileID: 9052893360722158068, guid: df58e00d81487f645b73175a9a076905,
        type: 3}
      propertyPath: m_LocalPosition.x
      value: -118.442245
      objectReference: {fileID: 0}
    - target: {fileID: 9052893360722158068, guid: df58e00d81487f645b73175a9a076905,
        type: 3}
      propertyPath: m_LocalPosition.y
      value: -524.3772
      objectReference: {fileID: 0}
    - target: {fileID: 9052893360722158068, guid: df58e00d81487f645b73175a9a076905,
        type: 3}
      propertyPath: m_LocalPosition.z
      value: 36.689358
      objectReference: {fileID: 0}
    - target: {fileID: 9052893360722158068, guid: df58e00d81487f645b73175a9a076905,
        type: 3}
      propertyPath: m_LocalRotation.w
      value: 1
      objectReference: {fileID: 0}
    - target: {fileID: 9052893360722158068, guid: df58e00d81487f645b73175a9a076905,
        type: 3}
      propertyPath: m_LocalRotation.x
      value: -0
      objectReference: {fileID: 0}
    - target: {fileID: 9052893360722158068, guid: df58e00d81487f645b73175a9a076905,
        type: 3}
      propertyPath: m_LocalRotation.y
      value: -0
      objectReference: {fileID: 0}
    - target: {fileID: 9052893360722158068, guid: df58e00d81487f645b73175a9a076905,
        type: 3}
      propertyPath: m_LocalRotation.z
      value: -0
      objectReference: {fileID: 0}
    - target: {fileID: 9052893360722158068, guid: df58e00d81487f645b73175a9a076905,
        type: 3}
      propertyPath: m_LocalEulerAnglesHint.x
      value: 0
      objectReference: {fileID: 0}
    - target: {fileID: 9052893360722158068, guid: df58e00d81487f645b73175a9a076905,
        type: 3}
      propertyPath: m_LocalEulerAnglesHint.y
      value: 0
      objectReference: {fileID: 0}
    - target: {fileID: 9052893360722158068, guid: df58e00d81487f645b73175a9a076905,
        type: 3}
      propertyPath: m_LocalEulerAnglesHint.z
      value: 0
      objectReference: {fileID: 0}
    - target: {fileID: 9052893360722158073, guid: df58e00d81487f645b73175a9a076905,
        type: 3}
      propertyPath: m_Name
      value: SpiderCheck
      objectReference: {fileID: 0}
    m_RemovedComponents: []
  m_SourcePrefab: {fileID: 100100000, guid: df58e00d81487f645b73175a9a076905, type: 3}
--- !u!1001 &1688731096
PrefabInstance:
  m_ObjectHideFlags: 0
  serializedVersion: 2
  m_Modification:
    m_TransformParent: {fileID: 0}
    m_Modifications:
    - target: {fileID: 1448109697, guid: cba0acf4bb308244e99f0f65c63a60a9, type: 3}
      propertyPath: m_IsTrigger
      value: 0
      objectReference: {fileID: 0}
    - target: {fileID: 1943854584, guid: cba0acf4bb308244e99f0f65c63a60a9, type: 3}
      propertyPath: root
      value: 
      objectReference: {fileID: 665351851}
    - target: {fileID: 1943854584, guid: cba0acf4bb308244e99f0f65c63a60a9, type: 3}
      propertyPath: goldTotal
      value: 4
      objectReference: {fileID: 0}
    - target: {fileID: 1943854584, guid: cba0acf4bb308244e99f0f65c63a60a9, type: 3}
      propertyPath: animatorDemon
      value: 
      objectReference: {fileID: 1845505810}
    - target: {fileID: 6820643842530537412, guid: cba0acf4bb308244e99f0f65c63a60a9,
        type: 3}
      propertyPath: m_Name
      value: Autel
      objectReference: {fileID: 0}
    - target: {fileID: 6820643842530537412, guid: cba0acf4bb308244e99f0f65c63a60a9,
        type: 3}
      propertyPath: m_IsActive
      value: 1
      objectReference: {fileID: 0}
    - target: {fileID: 6820643842530537413, guid: cba0acf4bb308244e99f0f65c63a60a9,
        type: 3}
      propertyPath: m_RootOrder
      value: 2
      objectReference: {fileID: 0}
    - target: {fileID: 6820643842530537413, guid: cba0acf4bb308244e99f0f65c63a60a9,
        type: 3}
      propertyPath: m_LocalPosition.x
      value: -8.015
      objectReference: {fileID: 0}
    - target: {fileID: 6820643842530537413, guid: cba0acf4bb308244e99f0f65c63a60a9,
        type: 3}
      propertyPath: m_LocalPosition.y
      value: -0.908
      objectReference: {fileID: 0}
    - target: {fileID: 6820643842530537413, guid: cba0acf4bb308244e99f0f65c63a60a9,
        type: 3}
      propertyPath: m_LocalPosition.z
      value: 0
      objectReference: {fileID: 0}
    - target: {fileID: 6820643842530537413, guid: cba0acf4bb308244e99f0f65c63a60a9,
        type: 3}
      propertyPath: m_LocalRotation.w
      value: 1
      objectReference: {fileID: 0}
    - target: {fileID: 6820643842530537413, guid: cba0acf4bb308244e99f0f65c63a60a9,
        type: 3}
      propertyPath: m_LocalRotation.x
      value: 0
      objectReference: {fileID: 0}
    - target: {fileID: 6820643842530537413, guid: cba0acf4bb308244e99f0f65c63a60a9,
        type: 3}
      propertyPath: m_LocalRotation.y
      value: 0
      objectReference: {fileID: 0}
    - target: {fileID: 6820643842530537413, guid: cba0acf4bb308244e99f0f65c63a60a9,
        type: 3}
      propertyPath: m_LocalRotation.z
      value: 0
      objectReference: {fileID: 0}
    - target: {fileID: 6820643842530537413, guid: cba0acf4bb308244e99f0f65c63a60a9,
        type: 3}
      propertyPath: m_LocalEulerAnglesHint.x
      value: 0
      objectReference: {fileID: 0}
    - target: {fileID: 6820643842530537413, guid: cba0acf4bb308244e99f0f65c63a60a9,
        type: 3}
      propertyPath: m_LocalEulerAnglesHint.y
      value: 0
      objectReference: {fileID: 0}
    - target: {fileID: 6820643842530537413, guid: cba0acf4bb308244e99f0f65c63a60a9,
        type: 3}
      propertyPath: m_LocalEulerAnglesHint.z
      value: 0
      objectReference: {fileID: 0}
    m_RemovedComponents: []
  m_SourcePrefab: {fileID: 100100000, guid: cba0acf4bb308244e99f0f65c63a60a9, type: 3}
--- !u!1 &1690471636
GameObject:
  m_ObjectHideFlags: 0
  m_CorrespondingSourceObject: {fileID: 0}
  m_PrefabInstance: {fileID: 0}
  m_PrefabAsset: {fileID: 0}
  serializedVersion: 6
  m_Component:
  - component: {fileID: 1690471637}
  - component: {fileID: 1690471639}
  - component: {fileID: 1690471638}
  m_Layer: 5
  m_Name: GoldNumber
  m_TagString: Untagged
  m_Icon: {fileID: 0}
  m_NavMeshLayer: 0
  m_StaticEditorFlags: 0
  m_IsActive: 1
--- !u!224 &1690471637
RectTransform:
  m_ObjectHideFlags: 0
  m_CorrespondingSourceObject: {fileID: 0}
  m_PrefabInstance: {fileID: 0}
  m_PrefabAsset: {fileID: 0}
  m_GameObject: {fileID: 1690471636}
  m_LocalRotation: {x: 0, y: 0, z: 0, w: 1}
  m_LocalPosition: {x: 0, y: 0, z: 0}
  m_LocalScale: {x: 1, y: 1, z: 1}
  m_Children: []
  m_Father: {fileID: 318451970}
  m_RootOrder: 1
  m_LocalEulerAnglesHint: {x: 0, y: 0, z: 0}
  m_AnchorMin: {x: 0, y: 1}
  m_AnchorMax: {x: 0, y: 1}
  m_AnchoredPosition: {x: 168.94, y: -60}
  m_SizeDelta: {x: 227.87555, y: 50}
  m_Pivot: {x: 0.5, y: 0.5}
--- !u!114 &1690471638
MonoBehaviour:
  m_ObjectHideFlags: 0
  m_CorrespondingSourceObject: {fileID: 0}
  m_PrefabInstance: {fileID: 0}
  m_PrefabAsset: {fileID: 0}
  m_GameObject: {fileID: 1690471636}
  m_Enabled: 1
  m_EditorHideFlags: 0
  m_Script: {fileID: 11500000, guid: f4688fdb7df04437aeb418b961361dc5, type: 3}
  m_Name: 
  m_EditorClassIdentifier: 
  m_Material: {fileID: 0}
  m_Color: {r: 1, g: 1, b: 1, a: 1}
  m_RaycastTarget: 1
  m_Maskable: 1
  m_OnCullStateChanged:
    m_PersistentCalls:
      m_Calls: []
  m_text: New Text
  m_isRightToLeft: 0
  m_fontAsset: {fileID: 11400000, guid: fa2a51e034112e541aa106124878901f, type: 2}
  m_sharedMaterial: {fileID: 1811753236686571408, guid: fa2a51e034112e541aa106124878901f,
    type: 2}
  m_fontSharedMaterials: []
  m_fontMaterial: {fileID: 0}
  m_fontMaterials: []
  m_fontColor32:
    serializedVersion: 2
    rgba: 4283087830
  m_fontColor: {r: 0.8396226, g: 0.733868, b: 0.2891153, a: 1}
  m_enableVertexGradient: 0
  m_colorMode: 3
  m_fontColorGradient:
    topLeft: {r: 1, g: 1, b: 1, a: 1}
    topRight: {r: 1, g: 1, b: 1, a: 1}
    bottomLeft: {r: 1, g: 1, b: 1, a: 1}
    bottomRight: {r: 1, g: 1, b: 1, a: 1}
  m_fontColorGradientPreset: {fileID: 0}
  m_spriteAsset: {fileID: 0}
  m_tintAllSprites: 0
  m_StyleSheet: {fileID: 0}
  m_TextStyleHashCode: -1183493901
  m_overrideHtmlColors: 0
  m_faceColor:
    serializedVersion: 2
    rgba: 4294967295
  m_fontSize: 36
  m_fontSizeBase: 36
  m_fontWeight: 400
  m_enableAutoSizing: 0
  m_fontSizeMin: 18
  m_fontSizeMax: 72
  m_fontStyle: 0
  m_HorizontalAlignment: 1
  m_VerticalAlignment: 256
  m_textAlignment: 65535
  m_characterSpacing: 0
  m_wordSpacing: 0
  m_lineSpacing: 0
  m_lineSpacingMax: 0
  m_paragraphSpacing: 0
  m_charWidthMaxAdj: 0
  m_enableWordWrapping: 1
  m_wordWrappingRatios: 0.4
  m_overflowMode: 0
  m_linkedTextComponent: {fileID: 0}
  parentLinkedComponent: {fileID: 0}
  m_enableKerning: 1
  m_enableExtraPadding: 0
  checkPaddingRequired: 0
  m_isRichText: 1
  m_parseCtrlCharacters: 1
  m_isOrthographic: 1
  m_isCullingEnabled: 0
  m_horizontalMapping: 0
  m_verticalMapping: 0
  m_uvLineOffset: 0
  m_geometrySortingOrder: 0
  m_IsTextObjectScaleStatic: 0
  m_VertexBufferAutoSizeReduction: 1
  m_useMaxVisibleDescender: 1
  m_pageToDisplay: 1
  m_margin: {x: 0, y: 0, z: 0, w: 0}
  m_isUsingLegacyAnimationComponent: 0
  m_isVolumetricText: 0
  m_hasFontAssetChanged: 0
  m_baseMaterial: {fileID: 0}
  m_maskOffset: {x: 0, y: 0, z: 0, w: 0}
--- !u!222 &1690471639
CanvasRenderer:
  m_ObjectHideFlags: 0
  m_CorrespondingSourceObject: {fileID: 0}
  m_PrefabInstance: {fileID: 0}
  m_PrefabAsset: {fileID: 0}
  m_GameObject: {fileID: 1690471636}
  m_CullTransparentMesh: 0
--- !u!4 &1697472616 stripped
Transform:
  m_CorrespondingSourceObject: {fileID: 6906101812581518260, guid: 2ba8b4649b2281d47905b4417210570d,
    type: 3}
  m_PrefabInstance: {fileID: 2117919757}
  m_PrefabAsset: {fileID: 0}
--- !u!1001 &1764736596
PrefabInstance:
  m_ObjectHideFlags: 0
  serializedVersion: 2
  m_Modification:
    m_TransformParent: {fileID: 0}
    m_Modifications:
    - target: {fileID: 361206052097219364, guid: 0a5f95455ac4a0a40a004575720cafd0,
        type: 3}
      propertyPath: sr
      value: 
      objectReference: {fileID: 543104117}
    - target: {fileID: 361206052097219364, guid: 0a5f95455ac4a0a40a004575720cafd0,
        type: 3}
      propertyPath: textLife
      value: 
      objectReference: {fileID: 658108878}
    - target: {fileID: 361206052097219364, guid: 0a5f95455ac4a0a40a004575720cafd0,
        type: 3}
      propertyPath: gameManager
      value: 
      objectReference: {fileID: 245407810}
    - target: {fileID: 405330111249570918, guid: 0a5f95455ac4a0a40a004575720cafd0,
        type: 3}
      propertyPath: pog
      value: 
      objectReference: {fileID: 1497366240}
    - target: {fileID: 405330111249570918, guid: 0a5f95455ac4a0a40a004575720cafd0,
        type: 3}
      propertyPath: goldUi
      value: 
      objectReference: {fileID: 1690471638}
    - target: {fileID: 405330111249570918, guid: 0a5f95455ac4a0a40a004575720cafd0,
        type: 3}
      propertyPath: goldSound
      value: 
      objectReference: {fileID: 8300000, guid: 2c5619c6131b4764aac2ba720a323446, type: 3}
    - target: {fileID: 8511918596696709025, guid: 0a5f95455ac4a0a40a004575720cafd0,
        type: 3}
      propertyPath: moveSpeed
      value: 5
      objectReference: {fileID: 0}
    - target: {fileID: 8511918596696709030, guid: 0a5f95455ac4a0a40a004575720cafd0,
        type: 3}
      propertyPath: m_RootOrder
      value: 4
      objectReference: {fileID: 0}
    - target: {fileID: 8511918596696709030, guid: 0a5f95455ac4a0a40a004575720cafd0,
        type: 3}
      propertyPath: m_LocalPosition.x
      value: -6.454613
      objectReference: {fileID: 0}
    - target: {fileID: 8511918596696709030, guid: 0a5f95455ac4a0a40a004575720cafd0,
        type: 3}
      propertyPath: m_LocalPosition.y
      value: -0.30111003
      objectReference: {fileID: 0}
    - target: {fileID: 8511918596696709030, guid: 0a5f95455ac4a0a40a004575720cafd0,
        type: 3}
      propertyPath: m_LocalPosition.z
      value: 0
      objectReference: {fileID: 0}
    - target: {fileID: 8511918596696709030, guid: 0a5f95455ac4a0a40a004575720cafd0,
        type: 3}
      propertyPath: m_LocalRotation.w
      value: 1
      objectReference: {fileID: 0}
    - target: {fileID: 8511918596696709030, guid: 0a5f95455ac4a0a40a004575720cafd0,
        type: 3}
      propertyPath: m_LocalRotation.x
      value: 0
      objectReference: {fileID: 0}
    - target: {fileID: 8511918596696709030, guid: 0a5f95455ac4a0a40a004575720cafd0,
        type: 3}
      propertyPath: m_LocalRotation.y
      value: 0
      objectReference: {fileID: 0}
    - target: {fileID: 8511918596696709030, guid: 0a5f95455ac4a0a40a004575720cafd0,
        type: 3}
      propertyPath: m_LocalRotation.z
      value: 0
      objectReference: {fileID: 0}
    - target: {fileID: 8511918596696709030, guid: 0a5f95455ac4a0a40a004575720cafd0,
        type: 3}
      propertyPath: m_LocalEulerAnglesHint.x
      value: 0
      objectReference: {fileID: 0}
    - target: {fileID: 8511918596696709030, guid: 0a5f95455ac4a0a40a004575720cafd0,
        type: 3}
      propertyPath: m_LocalEulerAnglesHint.y
      value: 0
      objectReference: {fileID: 0}
    - target: {fileID: 8511918596696709030, guid: 0a5f95455ac4a0a40a004575720cafd0,
        type: 3}
      propertyPath: m_LocalEulerAnglesHint.z
      value: 0
      objectReference: {fileID: 0}
    - target: {fileID: 8511918596696709031, guid: 0a5f95455ac4a0a40a004575720cafd0,
        type: 3}
      propertyPath: m_Name
      value: Pog
      objectReference: {fileID: 0}
    - target: {fileID: 8511918596696709031, guid: 0a5f95455ac4a0a40a004575720cafd0,
        type: 3}
      propertyPath: m_Layer
      value: 9
      objectReference: {fileID: 0}
    - target: {fileID: 8511918596696709031, guid: 0a5f95455ac4a0a40a004575720cafd0,
        type: 3}
      propertyPath: m_TagString
      value: Player
      objectReference: {fileID: 0}
    - target: {fileID: 8511918597590470934, guid: 0a5f95455ac4a0a40a004575720cafd0,
        type: 3}
      propertyPath: m_Layer
      value: 9
      objectReference: {fileID: 0}
    - target: {fileID: 8511918597680656824, guid: 0a5f95455ac4a0a40a004575720cafd0,
        type: 3}
      propertyPath: m_Layer
      value: 9
      objectReference: {fileID: 0}
    - target: {fileID: 8511918597680656826, guid: 0a5f95455ac4a0a40a004575720cafd0,
        type: 3}
      propertyPath: orthographic size
      value: 2.5
      objectReference: {fileID: 0}
    m_RemovedComponents: []
  m_SourcePrefab: {fileID: 100100000, guid: 0a5f95455ac4a0a40a004575720cafd0, type: 3}
--- !u!1001 &1785835602
PrefabInstance:
  m_ObjectHideFlags: 0
  serializedVersion: 2
  m_Modification:
    m_TransformParent: {fileID: 2017209006}
    m_Modifications:
    - target: {fileID: 2103863778305624000, guid: e3d95275826352d4fbe60839cee15f80,
        type: 3}
      propertyPath: m_RootOrder
      value: 5
      objectReference: {fileID: 0}
    - target: {fileID: 2103863778305624000, guid: e3d95275826352d4fbe60839cee15f80,
        type: 3}
      propertyPath: m_LocalScale.x
      value: 1
      objectReference: {fileID: 0}
    - target: {fileID: 2103863778305624000, guid: e3d95275826352d4fbe60839cee15f80,
        type: 3}
      propertyPath: m_LocalScale.y
      value: 1
      objectReference: {fileID: 0}
    - target: {fileID: 2103863778305624000, guid: e3d95275826352d4fbe60839cee15f80,
        type: 3}
      propertyPath: m_LocalScale.z
      value: 1
      objectReference: {fileID: 0}
    - target: {fileID: 2103863778305624000, guid: e3d95275826352d4fbe60839cee15f80,
        type: 3}
      propertyPath: m_LocalPosition.x
      value: -112.497246
      objectReference: {fileID: 0}
    - target: {fileID: 2103863778305624000, guid: e3d95275826352d4fbe60839cee15f80,
        type: 3}
      propertyPath: m_LocalPosition.y
      value: -524.4092
      objectReference: {fileID: 0}
    - target: {fileID: 2103863778305624000, guid: e3d95275826352d4fbe60839cee15f80,
        type: 3}
      propertyPath: m_LocalPosition.z
      value: 0
      objectReference: {fileID: 0}
    - target: {fileID: 2103863778305624000, guid: e3d95275826352d4fbe60839cee15f80,
        type: 3}
      propertyPath: m_LocalRotation.w
      value: 1
      objectReference: {fileID: 0}
    - target: {fileID: 2103863778305624000, guid: e3d95275826352d4fbe60839cee15f80,
        type: 3}
      propertyPath: m_LocalRotation.x
      value: -0
      objectReference: {fileID: 0}
    - target: {fileID: 2103863778305624000, guid: e3d95275826352d4fbe60839cee15f80,
        type: 3}
      propertyPath: m_LocalRotation.y
      value: -0
      objectReference: {fileID: 0}
    - target: {fileID: 2103863778305624000, guid: e3d95275826352d4fbe60839cee15f80,
        type: 3}
      propertyPath: m_LocalRotation.z
      value: -0
      objectReference: {fileID: 0}
    - target: {fileID: 2103863778305624000, guid: e3d95275826352d4fbe60839cee15f80,
        type: 3}
      propertyPath: m_LocalEulerAnglesHint.x
      value: 0
      objectReference: {fileID: 0}
    - target: {fileID: 2103863778305624000, guid: e3d95275826352d4fbe60839cee15f80,
        type: 3}
      propertyPath: m_LocalEulerAnglesHint.y
      value: 0
      objectReference: {fileID: 0}
    - target: {fileID: 2103863778305624000, guid: e3d95275826352d4fbe60839cee15f80,
        type: 3}
      propertyPath: m_LocalEulerAnglesHint.z
      value: 0
      objectReference: {fileID: 0}
    - target: {fileID: 2103863778305624001, guid: e3d95275826352d4fbe60839cee15f80,
        type: 3}
      propertyPath: m_SortingOrder
      value: 1
      objectReference: {fileID: 0}
    - target: {fileID: 2103863778305624003, guid: e3d95275826352d4fbe60839cee15f80,
        type: 3}
      propertyPath: animator
      value: 
      objectReference: {fileID: 562777617}
    - target: {fileID: 2103863778305624030, guid: e3d95275826352d4fbe60839cee15f80,
        type: 3}
      propertyPath: m_Name
      value: Spider
      objectReference: {fileID: 0}
    m_RemovedComponents: []
  m_SourcePrefab: {fileID: 100100000, guid: e3d95275826352d4fbe60839cee15f80, type: 3}
--- !u!1001 &1828534851
PrefabInstance:
  m_ObjectHideFlags: 0
  serializedVersion: 2
  m_Modification:
    m_TransformParent: {fileID: 0}
    m_Modifications:
    - target: {fileID: 4147128458445505442, guid: 085b2debc3b72df4bb76889dc3fe2e9d,
        type: 3}
      propertyPath: m_RootOrder
      value: 1
      objectReference: {fileID: 0}
    - target: {fileID: 4147128458445505442, guid: 085b2debc3b72df4bb76889dc3fe2e9d,
        type: 3}
      propertyPath: m_LocalPosition.x
      value: -9.356045
      objectReference: {fileID: 0}
    - target: {fileID: 4147128458445505442, guid: 085b2debc3b72df4bb76889dc3fe2e9d,
        type: 3}
      propertyPath: m_LocalPosition.y
      value: -0.2800076
      objectReference: {fileID: 0}
    - target: {fileID: 4147128458445505442, guid: 085b2debc3b72df4bb76889dc3fe2e9d,
        type: 3}
      propertyPath: m_LocalPosition.z
      value: -5.3984375
      objectReference: {fileID: 0}
    - target: {fileID: 4147128458445505442, guid: 085b2debc3b72df4bb76889dc3fe2e9d,
        type: 3}
      propertyPath: m_LocalRotation.w
      value: 1
      objectReference: {fileID: 0}
    - target: {fileID: 4147128458445505442, guid: 085b2debc3b72df4bb76889dc3fe2e9d,
        type: 3}
      propertyPath: m_LocalRotation.x
      value: 0
      objectReference: {fileID: 0}
    - target: {fileID: 4147128458445505442, guid: 085b2debc3b72df4bb76889dc3fe2e9d,
        type: 3}
      propertyPath: m_LocalRotation.y
      value: 0
      objectReference: {fileID: 0}
    - target: {fileID: 4147128458445505442, guid: 085b2debc3b72df4bb76889dc3fe2e9d,
        type: 3}
      propertyPath: m_LocalRotation.z
      value: 0
      objectReference: {fileID: 0}
    - target: {fileID: 4147128458445505442, guid: 085b2debc3b72df4bb76889dc3fe2e9d,
        type: 3}
      propertyPath: m_LocalEulerAnglesHint.x
      value: 0
      objectReference: {fileID: 0}
    - target: {fileID: 4147128458445505442, guid: 085b2debc3b72df4bb76889dc3fe2e9d,
        type: 3}
      propertyPath: m_LocalEulerAnglesHint.y
      value: 0
      objectReference: {fileID: 0}
    - target: {fileID: 4147128458445505442, guid: 085b2debc3b72df4bb76889dc3fe2e9d,
        type: 3}
      propertyPath: m_LocalEulerAnglesHint.z
      value: 0
      objectReference: {fileID: 0}
    - target: {fileID: 4147128458445505443, guid: 085b2debc3b72df4bb76889dc3fe2e9d,
        type: 3}
      propertyPath: m_Name
      value: Demon
      objectReference: {fileID: 0}
    m_RemovedComponents: []
  m_SourcePrefab: {fileID: 100100000, guid: 085b2debc3b72df4bb76889dc3fe2e9d, type: 3}
--- !u!95 &1845505810 stripped
Animator:
  m_CorrespondingSourceObject: {fileID: 4147128457316909282, guid: 085b2debc3b72df4bb76889dc3fe2e9d,
    type: 3}
  m_PrefabInstance: {fileID: 1828534851}
  m_PrefabAsset: {fileID: 0}
--- !u!1 &1882378386
GameObject:
  m_ObjectHideFlags: 0
  m_CorrespondingSourceObject: {fileID: 0}
  m_PrefabInstance: {fileID: 0}
  m_PrefabAsset: {fileID: 0}
  serializedVersion: 6
  m_Component:
  - component: {fileID: 1882378387}
  - component: {fileID: 1882378389}
  - component: {fileID: 1882378388}
  m_Layer: 5
  m_Name: Panel
  m_TagString: Untagged
  m_Icon: {fileID: 0}
  m_NavMeshLayer: 0
  m_StaticEditorFlags: 0
  m_IsActive: 1
--- !u!224 &1882378387
RectTransform:
  m_ObjectHideFlags: 0
  m_CorrespondingSourceObject: {fileID: 0}
  m_PrefabInstance: {fileID: 0}
  m_PrefabAsset: {fileID: 0}
  m_GameObject: {fileID: 1882378386}
  m_LocalRotation: {x: 0, y: 0, z: 0, w: 1}
  m_LocalPosition: {x: 0, y: 0, z: 0}
  m_LocalScale: {x: 1, y: 1, z: 1}
  m_Children: []
  m_Father: {fileID: 318451970}
  m_RootOrder: 0
  m_LocalEulerAnglesHint: {x: 0, y: 0, z: 0}
  m_AnchorMin: {x: 0, y: 0}
  m_AnchorMax: {x: 1, y: 1}
  m_AnchoredPosition: {x: 0, y: 0}
  m_SizeDelta: {x: 0, y: 0}
  m_Pivot: {x: 0.5, y: 0.5}
--- !u!114 &1882378388
MonoBehaviour:
  m_ObjectHideFlags: 0
  m_CorrespondingSourceObject: {fileID: 0}
  m_PrefabInstance: {fileID: 0}
  m_PrefabAsset: {fileID: 0}
  m_GameObject: {fileID: 1882378386}
  m_Enabled: 1
  m_EditorHideFlags: 0
  m_Script: {fileID: 11500000, guid: fe87c0e1cc204ed48ad3b37840f39efc, type: 3}
  m_Name: 
  m_EditorClassIdentifier: 
  m_Material: {fileID: 0}
  m_Color: {r: 0, g: 0, b: 0, a: 1}
  m_RaycastTarget: 1
  m_Maskable: 1
  m_OnCullStateChanged:
    m_PersistentCalls:
      m_Calls: []
  m_Sprite: {fileID: 21300000, guid: e8ecbde76e063ae419ff45ecaa08f17d, type: 3}
  m_Type: 0
  m_PreserveAspect: 0
  m_FillCenter: 1
  m_FillMethod: 4
  m_FillAmount: 1
  m_FillClockwise: 1
  m_FillOrigin: 0
  m_UseSpriteMesh: 0
  m_PixelsPerUnitMultiplier: 1
--- !u!222 &1882378389
CanvasRenderer:
  m_ObjectHideFlags: 0
  m_CorrespondingSourceObject: {fileID: 0}
  m_PrefabInstance: {fileID: 0}
  m_PrefabAsset: {fileID: 0}
  m_GameObject: {fileID: 1882378386}
  m_CullTransparentMesh: 0
--- !u!1 &1887339598
GameObject:
  m_ObjectHideFlags: 0
  m_CorrespondingSourceObject: {fileID: 0}
  m_PrefabInstance: {fileID: 0}
  m_PrefabAsset: {fileID: 0}
  serializedVersion: 6
  m_Component:
  - component: {fileID: 1887339601}
  - component: {fileID: 1887339600}
  - component: {fileID: 1887339599}
  m_Layer: 0
  m_Name: Main Camera
  m_TagString: MainCamera
  m_Icon: {fileID: 0}
  m_NavMeshLayer: 0
  m_StaticEditorFlags: 0
  m_IsActive: 0
--- !u!81 &1887339599
AudioListener:
  m_ObjectHideFlags: 0
  m_CorrespondingSourceObject: {fileID: 0}
  m_PrefabInstance: {fileID: 0}
  m_PrefabAsset: {fileID: 0}
  m_GameObject: {fileID: 1887339598}
  m_Enabled: 1
--- !u!20 &1887339600
Camera:
  m_ObjectHideFlags: 0
  m_CorrespondingSourceObject: {fileID: 0}
  m_PrefabInstance: {fileID: 0}
  m_PrefabAsset: {fileID: 0}
  m_GameObject: {fileID: 1887339598}
  m_Enabled: 1
  serializedVersion: 2
  m_ClearFlags: 1
  m_BackGroundColor: {r: 0.19215687, g: 0.3019608, b: 0.4745098, a: 0}
  m_projectionMatrixMode: 1
  m_GateFitMode: 2
  m_FOVAxisMode: 0
  m_SensorSize: {x: 36, y: 24}
  m_LensShift: {x: 0, y: 0}
  m_FocalLength: 50
  m_NormalizedViewPortRect:
    serializedVersion: 2
    x: 0
    y: 0
    width: 1
    height: 1
  near clip plane: 0.3
  far clip plane: 1000
  field of view: 60
  orthographic: 1
  orthographic size: 5
  m_Depth: -1
  m_CullingMask:
    serializedVersion: 2
    m_Bits: 4294967295
  m_RenderingPath: -1
  m_TargetTexture: {fileID: 0}
  m_TargetDisplay: 0
  m_TargetEye: 3
  m_HDR: 1
  m_AllowMSAA: 1
  m_AllowDynamicResolution: 0
  m_ForceIntoRT: 0
  m_OcclusionCulling: 1
  m_StereoConvergence: 10
  m_StereoSeparation: 0.022
--- !u!4 &1887339601
Transform:
  m_ObjectHideFlags: 0
  m_CorrespondingSourceObject: {fileID: 0}
  m_PrefabInstance: {fileID: 0}
  m_PrefabAsset: {fileID: 0}
  m_GameObject: {fileID: 1887339598}
  m_LocalRotation: {x: 0, y: 0, z: 0, w: 1}
  m_LocalPosition: {x: 0, y: 0, z: -10}
  m_LocalScale: {x: 1, y: 1, z: 1}
  m_Children: []
  m_Father: {fileID: 0}
  m_RootOrder: 0
  m_LocalEulerAnglesHint: {x: 0, y: 0, z: 0}
--- !u!1 &2017209005
GameObject:
  m_ObjectHideFlags: 0
  m_CorrespondingSourceObject: {fileID: 0}
  m_PrefabInstance: {fileID: 0}
  m_PrefabAsset: {fileID: 0}
  serializedVersion: 6
  m_Component:
  - component: {fileID: 2017209006}
  m_Layer: 0
  m_Name: Enemies
  m_TagString: Untagged
  m_Icon: {fileID: 0}
  m_NavMeshLayer: 0
  m_StaticEditorFlags: 0
  m_IsActive: 1
--- !u!4 &2017209006
Transform:
  m_ObjectHideFlags: 0
  m_CorrespondingSourceObject: {fileID: 0}
  m_PrefabInstance: {fileID: 0}
  m_PrefabAsset: {fileID: 0}
  m_GameObject: {fileID: 2017209005}
  m_LocalRotation: {x: 0, y: 0, z: 0, w: 1}
  m_LocalPosition: {x: 109.14425, y: 528.9042, z: 0}
  m_LocalScale: {x: 1, y: 1, z: 1}
  m_Children:
  - {fileID: 892986219}
  - {fileID: 734766327}
  - {fileID: 183792195}
  - {fileID: 23977504}
  - {fileID: 751332576}
  - {fileID: 562777616}
  - {fileID: 8292657460461747044}
  - {fileID: 596681544}
  - {fileID: 747686073}
  m_Father: {fileID: 0}
  m_RootOrder: 8
  m_LocalEulerAnglesHint: {x: 0, y: 0, z: 0}
--- !u!1 &2085583902
GameObject:
  m_ObjectHideFlags: 0
  m_CorrespondingSourceObject: {fileID: 0}
  m_PrefabInstance: {fileID: 0}
  m_PrefabAsset: {fileID: 0}
  serializedVersion: 6
  m_Component:
  - component: {fileID: 2085583905}
  - component: {fileID: 2085583904}
  - component: {fileID: 2085583903}
  m_Layer: 0
  m_Name: EventSystem
  m_TagString: Untagged
  m_Icon: {fileID: 0}
  m_NavMeshLayer: 0
  m_StaticEditorFlags: 0
  m_IsActive: 1
--- !u!114 &2085583903
MonoBehaviour:
  m_ObjectHideFlags: 0
  m_CorrespondingSourceObject: {fileID: 0}
  m_PrefabInstance: {fileID: 0}
  m_PrefabAsset: {fileID: 0}
  m_GameObject: {fileID: 2085583902}
  m_Enabled: 1
  m_EditorHideFlags: 0
  m_Script: {fileID: 11500000, guid: 4f231c4fb786f3946a6b90b886c48677, type: 3}
  m_Name: 
  m_EditorClassIdentifier: 
  m_HorizontalAxis: Horizontal
  m_VerticalAxis: Vertical
  m_SubmitButton: Submit
  m_CancelButton: Cancel
  m_InputActionsPerSecond: 10
  m_RepeatDelay: 0.5
  m_ForceModuleActive: 0
--- !u!114 &2085583904
MonoBehaviour:
  m_ObjectHideFlags: 0
  m_CorrespondingSourceObject: {fileID: 0}
  m_PrefabInstance: {fileID: 0}
  m_PrefabAsset: {fileID: 0}
  m_GameObject: {fileID: 2085583902}
  m_Enabled: 1
  m_EditorHideFlags: 0
  m_Script: {fileID: 11500000, guid: 76c392e42b5098c458856cdf6ecaaaa1, type: 3}
  m_Name: 
  m_EditorClassIdentifier: 
  m_FirstSelected: {fileID: 0}
  m_sendNavigationEvents: 1
  m_DragThreshold: 10
--- !u!4 &2085583905
Transform:
  m_ObjectHideFlags: 0
  m_CorrespondingSourceObject: {fileID: 0}
  m_PrefabInstance: {fileID: 0}
  m_PrefabAsset: {fileID: 0}
  m_GameObject: {fileID: 2085583902}
  m_LocalRotation: {x: 0, y: 0, z: 0, w: 1}
  m_LocalPosition: {x: 0, y: 0, z: 0}
  m_LocalScale: {x: 1, y: 1, z: 1}
  m_Children: []
  m_Father: {fileID: 0}
  m_RootOrder: 7
  m_LocalEulerAnglesHint: {x: 0, y: 0, z: 0}
--- !u!1001 &2117919757
PrefabInstance:
  m_ObjectHideFlags: 0
  serializedVersion: 2
  m_Modification:
    m_TransformParent: {fileID: 930191635}
    m_Modifications:
    - target: {fileID: 6906101812581518260, guid: 2ba8b4649b2281d47905b4417210570d,
        type: 3}
      propertyPath: m_RootOrder
      value: 2
      objectReference: {fileID: 0}
    - target: {fileID: 6906101812581518260, guid: 2ba8b4649b2281d47905b4417210570d,
        type: 3}
      propertyPath: m_LocalScale.x
      value: 1
      objectReference: {fileID: 0}
    - target: {fileID: 6906101812581518260, guid: 2ba8b4649b2281d47905b4417210570d,
        type: 3}
      propertyPath: m_LocalScale.y
      value: 1
      objectReference: {fileID: 0}
    - target: {fileID: 6906101812581518260, guid: 2ba8b4649b2281d47905b4417210570d,
        type: 3}
      propertyPath: m_LocalScale.z
      value: 1
      objectReference: {fileID: 0}
    - target: {fileID: 6906101812581518260, guid: 2ba8b4649b2281d47905b4417210570d,
        type: 3}
      propertyPath: m_LocalPosition.x
      value: -153.444
      objectReference: {fileID: 0}
    - target: {fileID: 6906101812581518260, guid: 2ba8b4649b2281d47905b4417210570d,
        type: 3}
      propertyPath: m_LocalPosition.y
      value: -535.1466
      objectReference: {fileID: 0}
    - target: {fileID: 6906101812581518260, guid: 2ba8b4649b2281d47905b4417210570d,
        type: 3}
      propertyPath: m_LocalPosition.z
      value: 0
      objectReference: {fileID: 0}
    - target: {fileID: 6906101812581518260, guid: 2ba8b4649b2281d47905b4417210570d,
        type: 3}
      propertyPath: m_LocalRotation.w
      value: 1
      objectReference: {fileID: 0}
    - target: {fileID: 6906101812581518260, guid: 2ba8b4649b2281d47905b4417210570d,
        type: 3}
      propertyPath: m_LocalRotation.x
      value: -0
      objectReference: {fileID: 0}
    - target: {fileID: 6906101812581518260, guid: 2ba8b4649b2281d47905b4417210570d,
        type: 3}
      propertyPath: m_LocalRotation.y
      value: -0
      objectReference: {fileID: 0}
    - target: {fileID: 6906101812581518260, guid: 2ba8b4649b2281d47905b4417210570d,
        type: 3}
      propertyPath: m_LocalRotation.z
      value: -0
      objectReference: {fileID: 0}
    - target: {fileID: 6906101812581518260, guid: 2ba8b4649b2281d47905b4417210570d,
        type: 3}
      propertyPath: m_LocalEulerAnglesHint.x
      value: 0
      objectReference: {fileID: 0}
    - target: {fileID: 6906101812581518260, guid: 2ba8b4649b2281d47905b4417210570d,
        type: 3}
      propertyPath: m_LocalEulerAnglesHint.y
      value: 0
      objectReference: {fileID: 0}
    - target: {fileID: 6906101812581518260, guid: 2ba8b4649b2281d47905b4417210570d,
        type: 3}
      propertyPath: m_LocalEulerAnglesHint.z
      value: 0
      objectReference: {fileID: 0}
    - target: {fileID: 6906101812581518262, guid: 2ba8b4649b2281d47905b4417210570d,
        type: 3}
      propertyPath: m_Name
      value: Gold (1)
      objectReference: {fileID: 0}
    m_RemovedComponents: []
  m_SourcePrefab: {fileID: 100100000, guid: 2ba8b4649b2281d47905b4417210570d, type: 3}
--- !u!1001 &2280701332243322171
PrefabInstance:
  m_ObjectHideFlags: 0
  serializedVersion: 2
  m_Modification:
    m_TransformParent: {fileID: 318451970}
    m_Modifications:
    - target: {fileID: 2280701332041279472, guid: d95aa46b46e39db4dab08d9e5c6b98e7,
        type: 3}
      propertyPath: m_OnClick.m_PersistentCalls.m_Calls.Array.data[0].m_Target
      value: 
      objectReference: {fileID: 245407810}
    - target: {fileID: 2280701333004439004, guid: d95aa46b46e39db4dab08d9e5c6b98e7,
        type: 3}
      propertyPath: m_OnClick.m_PersistentCalls.m_Calls.Array.data[0].m_Target
      value: 
      objectReference: {fileID: 245407810}
    - target: {fileID: 2280701333605799125, guid: d95aa46b46e39db4dab08d9e5c6b98e7,
        type: 3}
      propertyPath: m_Pivot.x
      value: 0.5
      objectReference: {fileID: 0}
    - target: {fileID: 2280701333605799125, guid: d95aa46b46e39db4dab08d9e5c6b98e7,
        type: 3}
      propertyPath: m_Pivot.y
      value: 0.5
      objectReference: {fileID: 0}
    - target: {fileID: 2280701333605799125, guid: d95aa46b46e39db4dab08d9e5c6b98e7,
        type: 3}
      propertyPath: m_RootOrder
      value: 4
      objectReference: {fileID: 0}
    - target: {fileID: 2280701333605799125, guid: d95aa46b46e39db4dab08d9e5c6b98e7,
        type: 3}
      propertyPath: m_AnchorMax.x
      value: 1
      objectReference: {fileID: 0}
    - target: {fileID: 2280701333605799125, guid: d95aa46b46e39db4dab08d9e5c6b98e7,
        type: 3}
      propertyPath: m_AnchorMax.y
      value: 1
      objectReference: {fileID: 0}
    - target: {fileID: 2280701333605799125, guid: d95aa46b46e39db4dab08d9e5c6b98e7,
        type: 3}
      propertyPath: m_AnchorMin.x
      value: 0
      objectReference: {fileID: 0}
    - target: {fileID: 2280701333605799125, guid: d95aa46b46e39db4dab08d9e5c6b98e7,
        type: 3}
      propertyPath: m_AnchorMin.y
      value: 0
      objectReference: {fileID: 0}
    - target: {fileID: 2280701333605799125, guid: d95aa46b46e39db4dab08d9e5c6b98e7,
        type: 3}
      propertyPath: m_SizeDelta.x
      value: 0
      objectReference: {fileID: 0}
    - target: {fileID: 2280701333605799125, guid: d95aa46b46e39db4dab08d9e5c6b98e7,
        type: 3}
      propertyPath: m_SizeDelta.y
      value: 0
      objectReference: {fileID: 0}
    - target: {fileID: 2280701333605799125, guid: d95aa46b46e39db4dab08d9e5c6b98e7,
        type: 3}
      propertyPath: m_LocalPosition.x
      value: 0
      objectReference: {fileID: 0}
    - target: {fileID: 2280701333605799125, guid: d95aa46b46e39db4dab08d9e5c6b98e7,
        type: 3}
      propertyPath: m_LocalPosition.y
      value: 0
      objectReference: {fileID: 0}
    - target: {fileID: 2280701333605799125, guid: d95aa46b46e39db4dab08d9e5c6b98e7,
        type: 3}
      propertyPath: m_LocalPosition.z
      value: 0
      objectReference: {fileID: 0}
    - target: {fileID: 2280701333605799125, guid: d95aa46b46e39db4dab08d9e5c6b98e7,
        type: 3}
      propertyPath: m_LocalRotation.w
      value: 1
      objectReference: {fileID: 0}
    - target: {fileID: 2280701333605799125, guid: d95aa46b46e39db4dab08d9e5c6b98e7,
        type: 3}
      propertyPath: m_LocalRotation.x
      value: 0
      objectReference: {fileID: 0}
    - target: {fileID: 2280701333605799125, guid: d95aa46b46e39db4dab08d9e5c6b98e7,
        type: 3}
      propertyPath: m_LocalRotation.y
      value: 0
      objectReference: {fileID: 0}
    - target: {fileID: 2280701333605799125, guid: d95aa46b46e39db4dab08d9e5c6b98e7,
        type: 3}
      propertyPath: m_LocalRotation.z
      value: 0
      objectReference: {fileID: 0}
    - target: {fileID: 2280701333605799125, guid: d95aa46b46e39db4dab08d9e5c6b98e7,
        type: 3}
      propertyPath: m_AnchoredPosition.x
      value: 0
      objectReference: {fileID: 0}
    - target: {fileID: 2280701333605799125, guid: d95aa46b46e39db4dab08d9e5c6b98e7,
        type: 3}
      propertyPath: m_AnchoredPosition.y
      value: 0
      objectReference: {fileID: 0}
    - target: {fileID: 2280701333605799125, guid: d95aa46b46e39db4dab08d9e5c6b98e7,
        type: 3}
      propertyPath: m_LocalEulerAnglesHint.x
      value: 0
      objectReference: {fileID: 0}
    - target: {fileID: 2280701333605799125, guid: d95aa46b46e39db4dab08d9e5c6b98e7,
        type: 3}
      propertyPath: m_LocalEulerAnglesHint.y
      value: 0
      objectReference: {fileID: 0}
    - target: {fileID: 2280701333605799125, guid: d95aa46b46e39db4dab08d9e5c6b98e7,
        type: 3}
      propertyPath: m_LocalEulerAnglesHint.z
      value: 0
      objectReference: {fileID: 0}
    - target: {fileID: 2280701333605799126, guid: d95aa46b46e39db4dab08d9e5c6b98e7,
        type: 3}
      propertyPath: m_Name
      value: GameOver
      objectReference: {fileID: 0}
    m_RemovedComponents: []
  m_SourcePrefab: {fileID: 100100000, guid: d95aa46b46e39db4dab08d9e5c6b98e7, type: 3}
--- !u!1001 &2485900462123343375
PrefabInstance:
  m_ObjectHideFlags: 0
  serializedVersion: 2
  m_Modification:
    m_TransformParent: {fileID: 0}
    m_Modifications:
    - target: {fileID: 2485900462150647372, guid: f03b67c59c325224790169e598af441a,
        type: 3}
      propertyPath: m_RootOrder
      value: 11
      objectReference: {fileID: 0}
    - target: {fileID: 2485900462150647372, guid: f03b67c59c325224790169e598af441a,
        type: 3}
      propertyPath: m_LocalPosition.x
      value: 961.7966
      objectReference: {fileID: 0}
    - target: {fileID: 2485900462150647372, guid: f03b67c59c325224790169e598af441a,
        type: 3}
      propertyPath: m_LocalPosition.y
      value: 432.13992
      objectReference: {fileID: 0}
    - target: {fileID: 2485900462150647372, guid: f03b67c59c325224790169e598af441a,
        type: 3}
      propertyPath: m_LocalPosition.z
      value: -351.25
      objectReference: {fileID: 0}
    - target: {fileID: 2485900462150647372, guid: f03b67c59c325224790169e598af441a,
        type: 3}
      propertyPath: m_LocalRotation.w
      value: 1
      objectReference: {fileID: 0}
    - target: {fileID: 2485900462150647372, guid: f03b67c59c325224790169e598af441a,
        type: 3}
      propertyPath: m_LocalRotation.x
      value: 0
      objectReference: {fileID: 0}
    - target: {fileID: 2485900462150647372, guid: f03b67c59c325224790169e598af441a,
        type: 3}
      propertyPath: m_LocalRotation.y
      value: 0
      objectReference: {fileID: 0}
    - target: {fileID: 2485900462150647372, guid: f03b67c59c325224790169e598af441a,
        type: 3}
      propertyPath: m_LocalRotation.z
      value: 0
      objectReference: {fileID: 0}
    - target: {fileID: 2485900462150647372, guid: f03b67c59c325224790169e598af441a,
        type: 3}
      propertyPath: m_LocalEulerAnglesHint.x
      value: 0
      objectReference: {fileID: 0}
    - target: {fileID: 2485900462150647372, guid: f03b67c59c325224790169e598af441a,
        type: 3}
      propertyPath: m_LocalEulerAnglesHint.y
      value: 0
      objectReference: {fileID: 0}
    - target: {fileID: 2485900462150647372, guid: f03b67c59c325224790169e598af441a,
        type: 3}
      propertyPath: m_LocalEulerAnglesHint.z
      value: 0
      objectReference: {fileID: 0}
    - target: {fileID: 2485900462150647373, guid: f03b67c59c325224790169e598af441a,
        type: 3}
      propertyPath: gameOver
      value: 
      objectReference: {fileID: 1464517101}
    - target: {fileID: 2485900462150647374, guid: f03b67c59c325224790169e598af441a,
        type: 3}
      propertyPath: m_Name
      value: GameManager
      objectReference: {fileID: 0}
    m_RemovedComponents: []
  m_SourcePrefab: {fileID: 100100000, guid: f03b67c59c325224790169e598af441a, type: 3}
--- !u!1001 &3225637447846564562
PrefabInstance:
  m_ObjectHideFlags: 0
  serializedVersion: 2
  m_Modification:
    m_TransformParent: {fileID: 0}
    m_Modifications:
    - target: {fileID: 3225637447241318652, guid: 0d7aaa36889d5c943b5e327dcc278718,
        type: 3}
      propertyPath: m_Name
      value: Frog
      objectReference: {fileID: 0}
    - target: {fileID: 3225637447241318653, guid: 0d7aaa36889d5c943b5e327dcc278718,
        type: 3}
      propertyPath: m_RootOrder
      value: 10
      objectReference: {fileID: 0}
    - target: {fileID: 3225637447241318653, guid: 0d7aaa36889d5c943b5e327dcc278718,
        type: 3}
      propertyPath: m_LocalPosition.x
      value: -4.52
      objectReference: {fileID: 0}
    - target: {fileID: 3225637447241318653, guid: 0d7aaa36889d5c943b5e327dcc278718,
        type: 3}
      propertyPath: m_LocalPosition.y
      value: -1.38
      objectReference: {fileID: 0}
    - target: {fileID: 3225637447241318653, guid: 0d7aaa36889d5c943b5e327dcc278718,
        type: 3}
      propertyPath: m_LocalPosition.z
      value: 0
      objectReference: {fileID: 0}
    - target: {fileID: 3225637447241318653, guid: 0d7aaa36889d5c943b5e327dcc278718,
        type: 3}
      propertyPath: m_LocalRotation.w
      value: 1
      objectReference: {fileID: 0}
    - target: {fileID: 3225637447241318653, guid: 0d7aaa36889d5c943b5e327dcc278718,
        type: 3}
      propertyPath: m_LocalRotation.x
      value: 0
      objectReference: {fileID: 0}
    - target: {fileID: 3225637447241318653, guid: 0d7aaa36889d5c943b5e327dcc278718,
        type: 3}
      propertyPath: m_LocalRotation.y
      value: 0
      objectReference: {fileID: 0}
    - target: {fileID: 3225637447241318653, guid: 0d7aaa36889d5c943b5e327dcc278718,
        type: 3}
      propertyPath: m_LocalRotation.z
      value: 0
      objectReference: {fileID: 0}
    - target: {fileID: 3225637447241318653, guid: 0d7aaa36889d5c943b5e327dcc278718,
        type: 3}
      propertyPath: m_LocalEulerAnglesHint.x
      value: 0
      objectReference: {fileID: 0}
    - target: {fileID: 3225637447241318653, guid: 0d7aaa36889d5c943b5e327dcc278718,
        type: 3}
      propertyPath: m_LocalEulerAnglesHint.y
      value: 0
      objectReference: {fileID: 0}
    - target: {fileID: 3225637447241318653, guid: 0d7aaa36889d5c943b5e327dcc278718,
        type: 3}
      propertyPath: m_LocalEulerAnglesHint.z
      value: 0
      objectReference: {fileID: 0}
    m_RemovedComponents: []
  m_SourcePrefab: {fileID: 100100000, guid: 0d7aaa36889d5c943b5e327dcc278718, type: 3}
--- !u!4 &8292657460461747044
Transform:
  m_ObjectHideFlags: 0
  m_CorrespondingSourceObject: {fileID: 0}
  m_PrefabInstance: {fileID: 0}
  m_PrefabAsset: {fileID: 0}
  m_GameObject: {fileID: 8292657460461747049}
  m_LocalRotation: {x: -0, y: -0, z: -0, w: 1}
  m_LocalPosition: {x: -113.61, y: -531.34, z: 0}
  m_LocalScale: {x: 1, y: 1, z: 1}
  m_Children: []
  m_Father: {fileID: 2017209006}
  m_RootOrder: 6
  m_LocalEulerAnglesHint: {x: 0, y: 0, z: 0}
--- !u!61 &8292657460461747047
BoxCollider2D:
  m_ObjectHideFlags: 0
  m_CorrespondingSourceObject: {fileID: 0}
  m_PrefabInstance: {fileID: 0}
  m_PrefabAsset: {fileID: 0}
  m_GameObject: {fileID: 8292657460461747049}
  m_Enabled: 1
  m_Density: 1
  m_Material: {fileID: 0}
  m_IsTrigger: 1
  m_UsedByEffector: 0
  m_UsedByComposite: 0
  m_Offset: {x: 0, y: 0}
  m_SpriteTilingProperty:
    border: {x: 0, y: 0, z: 0, w: 0}
    pivot: {x: 0, y: 0}
    oldSize: {x: 0, y: 0}
    newSize: {x: 0, y: 0}
    adaptiveTilingThreshold: 0
    drawMode: 0
    adaptiveTiling: 0
  m_AutoTiling: 0
  serializedVersion: 2
  m_Size: {x: 1, y: 1}
  m_EdgeRadius: 0
--- !u!1 &8292657460461747049
GameObject:
  m_ObjectHideFlags: 0
  m_CorrespondingSourceObject: {fileID: 0}
  m_PrefabInstance: {fileID: 0}
  m_PrefabAsset: {fileID: 0}
  serializedVersion: 6
  m_Component:
  - component: {fileID: 8292657460461747044}
  - component: {fileID: 8292657460461747047}
  - component: {fileID: 8292657460461747050}
  m_Layer: 8
  m_Name: FrogCheck
  m_TagString: BlockFrogEnd
  m_Icon: {fileID: 419385456094870383, guid: 0000000000000000d000000000000000, type: 0}
  m_NavMeshLayer: 0
  m_StaticEditorFlags: 0
  m_IsActive: 1
--- !u!114 &8292657460461747050
MonoBehaviour:
  m_ObjectHideFlags: 0
  m_CorrespondingSourceObject: {fileID: 0}
  m_PrefabInstance: {fileID: 0}
  m_PrefabAsset: {fileID: 0}
  m_GameObject: {fileID: 8292657460461747049}
  m_Enabled: 1
  m_EditorHideFlags: 0
  m_Script: {fileID: 11500000, guid: 70beda1830db5c841a7f0d6ee3fed31f, type: 3}
  m_Name: 
  m_EditorClassIdentifier: 
  direction: 1
